Date,Close price,Revenue,Net income,D/E Ratio,ROIC
1/3/2017,68.333771,9152.00 ,1220,2,0.11
1/4/2017,69.453979,9152.00 ,1220,2,0.11
1/5/2017,68.597885,9152.00 ,1220,2,0.11
1/6/2017,68.734497,9152.00 ,1220,2,0.11
1/9/2017,69.089684,9152.00 ,1220,2,0.11
1/10/2017,69.809181,9152.00 ,1220,2,0.11
1/11/2017,70.045975,9152.00 ,1220,2,0.11
1/12/2017,70.018654,9152.00 ,1220,2,0.11
1/13/2017,69.781868,9152.00 ,1220,2,0.11
1/17/2017,69.763641,9152.00 ,1220,2,0.11
1/18/2017,70.574219,9152.00 ,1220,2,0.11
1/19/2017,69.845627,9152.00 ,1220,2,0.11
1/20/2017,69.399345,9152.00 ,1220,2,0.11
1/23/2017,69.18988,9152.00 ,1220,2,0.11
1/24/2017,70.519585,9152.00 ,1220,2,0.11
1/25/2017,70.027763,9152.00 ,1220,2,0.11
1/26/2017,70.064186,9152.00 ,1220,2,0.11
1/27/2017,69.991348,9152.00 ,1220,2,0.11
1/30/2017,70.382965,9152.00 ,1220,2,0.11
1/31/2017,69.563278,9152.00 ,1220,2,0.11
2/1/2017,69.909355,9152.00 ,1220,2,0.11
2/2/2017,69.681679,9152.00 ,1220,2,0.11
2/3/2017,71.075127,9152.00 ,1220,2,0.11
2/6/2017,70.874756,9152.00 ,1220,2,0.11
2/7/2017,70.783699,9152.00 ,1220,2,0.11
2/8/2017,70.856537,9152.00 ,1220,2,0.11
2/9/2017,71.202637,9152.00 ,1220,2,0.11
2/10/2017,71.475845,9152.00 ,1220,2,0.11
2/13/2017,71.867485,9152.00 ,1220,2,0.11
2/14/2017,72.322853,9152.00 ,1220,2,0.11
2/15/2017,72.495918,9152.00 ,1220,2,0.11
2/16/2017,72.413933,9152.00 ,1220,2,0.11
2/17/2017,72.5961,9152.00 ,1220,2,0.11
2/21/2017,72.83287,9152.00 ,1220,2,0.11
2/22/2017,72.732712,9152.00 ,1220,2,0.11
2/23/2017,72.905762,9152.00 ,1220,2,0.11
2/24/2017,72.64164,9152.00 ,1220,2,0.11
2/27/2017,73.015045,9152.00 ,1220,2,0.11
2/28/2017,72.914841,9152.00 ,1220,2,0.11
3/1/2017,74.608849,9152.00 ,1220,2,0.11
3/2/2017,72.951271,9152.00 ,1220,2,0.11
3/3/2017,72.750931,9152.00 ,1220,2,0.11
3/6/2017,72.404823,9152.00 ,1220,2,0.11
3/7/2017,72.477707,9152.00 ,1220,2,0.11
3/8/2017,71.985878,9152.00 ,1220,2,0.11
3/9/2017,72.222687,9152.00 ,1220,2,0.11
3/10/2017,72.295525,9152.00 ,1220,2,0.11
3/13/2017,72.140709,9152.00 ,1220,2,0.11
3/14/2017,72.577873,9152.00 ,1220,2,0.11
3/15/2017,72.158936,9152.00 ,1220,2,0.11
3/16/2017,72.650742,9152.00 ,1220,2,0.11
3/17/2017,72.177155,9152.00 ,1220,2,0.11
3/20/2017,71.812836,9152.00 ,1220,2,0.11
3/21/2017,70.610641,9152.00 ,1220,2,0.11
3/22/2017,70.738152,9152.00 ,1220,2,0.11
3/23/2017,70.892998,9152.00 ,1220,2,0.11
3/24/2017,71.220863,9152.00 ,1220,2,0.11
3/27/2017,70.6744,9152.00 ,1220,2,0.11
3/28/2017,71.621582,9152.00 ,1220,2,0.11
3/29/2017,71.266396,9152.00 ,1220,2,0.11
3/30/2017,72.140709,9152.00 ,1220,2,0.11
3/31/2017,72.049629,9152.00 ,1220,2,0.11
4/3/2017,71.576035,9693.00 ,1314,1.96,0.1
4/4/2017,71.275497,9693.00 ,1314,1.96,0.1
4/5/2017,71.110893,9693.00 ,1314,1.96,0.1
4/6/2017,71.257187,9693.00 ,1314,1.96,0.1
4/7/2017,71.120033,9693.00 ,1314,1.96,0.1
4/10/2017,70.864006,9693.00 ,1314,1.96,0.1
4/11/2017,70.653641,9693.00 ,1314,1.96,0.1
4/12/2017,70.12323,9693.00 ,1314,1.96,0.1
4/13/2017,69.318466,9693.00 ,1314,1.96,0.1
4/17/2017,70.11409,9693.00 ,1314,1.96,0.1
4/18/2017,69.309341,9693.00 ,1314,1.96,0.1
4/19/2017,69.089867,9693.00 ,1314,1.96,0.1
4/20/2017,73.177628,9693.00 ,1314,1.96,0.1
4/21/2017,72.784401,9693.00 ,1314,1.96,0.1
4/24/2017,73.570847,9693.00 ,1314,1.96,0.1
4/25/2017,73.735458,9693.00 ,1314,1.96,0.1
4/26/2017,73.634872,9693.00 ,1314,1.96,0.1
4/27/2017,73.461121,9693.00 ,1314,1.96,0.1
4/28/2017,72.473495,9693.00 ,1314,1.96,0.1
5/1/2017,72.455185,9693.00 ,1314,1.96,0.1
5/2/2017,72.738686,9693.00 ,1314,1.96,0.1
5/3/2017,72.089386,9693.00 ,1314,1.96,0.1
5/4/2017,71.632156,9693.00 ,1314,1.96,0.1
5/5/2017,71.623001,9693.00 ,1314,1.96,0.1
5/8/2017,71.4767,9693.00 ,1314,1.96,0.1
5/9/2017,71.732735,9693.00 ,1314,1.96,0.1
5/10/2017,71.924774,9693.00 ,1314,1.96,0.1
5/11/2017,71.257187,9693.00 ,1314,1.96,0.1
5/12/2017,70.864006,9693.00 ,1314,1.96,0.1
5/15/2017,71.632156,9693.00 ,1314,1.96,0.1
5/16/2017,71.449242,9693.00 ,1314,1.96,0.1
5/17/2017,69.839737,9693.00 ,1314,1.96,0.1
5/18/2017,69.848877,9693.00 ,1314,1.96,0.1
5/19/2017,70.232986,9693.00 ,1314,1.96,0.1
5/22/2017,70.397591,9693.00 ,1314,1.96,0.1
5/23/2017,70.598778,9693.00 ,1314,1.96,0.1
5/24/2017,70.52562,9693.00 ,1314,1.96,0.1
5/25/2017,70.818253,9693.00 ,1314,1.96,0.1
5/26/2017,70.836548,9693.00 ,1314,1.96,0.1
5/30/2017,70.498169,9693.00 ,1314,1.96,0.1
5/31/2017,70.361023,9693.00 ,1314,1.96,0.1
6/1/2017,71.586426,9693.00 ,1314,1.96,0.1
6/2/2017,71.778473,9693.00 ,1314,1.96,0.1
6/5/2017,72.217407,9693.00 ,1314,1.96,0.1
6/6/2017,72.107666,9693.00 ,1314,1.96,0.1
6/7/2017,72.985588,9693.00 ,1314,1.96,0.1
6/8/2017,73.113632,9693.00 ,1314,1.96,0.1
6/9/2017,73.442841,9693.00 ,1314,1.96,0.1
6/12/2017,73.314819,9693.00 ,1314,1.96,0.1
6/13/2017,73.698898,9693.00 ,1314,1.96,0.1
6/14/2017,73.927521,9693.00 ,1314,1.96,0.1
6/15/2017,73.799492,9693.00 ,1314,1.96,0.1
6/16/2017,74.485359,9693.00 ,1314,1.96,0.1
6/19/2017,74.878593,9693.00 ,1314,1.96,0.1
6/20/2017,75.454727,9693.00 ,1314,1.96,0.1
6/21/2017,75.180367,9693.00 ,1314,1.96,0.1
6/22/2017,75.216965,9693.00 ,1314,1.96,0.1
6/23/2017,75.189529,9693.00 ,1314,1.96,0.1
6/26/2017,75.866241,9693.00 ,1314,1.96,0.1
6/27/2017,75.976006,9693.00 ,1314,1.96,0.1
6/28/2017,76.789879,9693.00 ,1314,1.96,0.1
6/29/2017,76.478951,9693.00 ,1314,1.96,0.1
6/30/2017,77.036781,9693.00 ,1314,1.96,0.1
7/3/2017,77.823265,9858.00 ,1327,1.9,0.1
7/5/2017,77.924232,9858.00 ,1327,1.9,0.1
7/6/2017,76.868607,9858.00 ,1327,1.9,0.1
7/7/2017,77.410187,9858.00 ,1327,1.9,0.1
7/10/2017,77.382652,9858.00 ,1327,1.9,0.1
7/11/2017,77.254128,9858.00 ,1327,1.9,0.1
7/12/2017,77.859955,9858.00 ,1327,1.9,0.1
7/13/2017,78.364861,9858.00 ,1327,1.9,0.1
7/14/2017,78.282234,9858.00 ,1327,1.9,0.1
7/17/2017,78.227142,9858.00 ,1327,1.9,0.1
7/18/2017,78.502533,9858.00 ,1327,1.9,0.1
7/19/2017,78.878899,9858.00 ,1327,1.9,0.1
7/20/2017,78.346481,9858.00 ,1327,1.9,0.1
7/21/2017,78.566795,9858.00 ,1327,1.9,0.1
7/24/2017,78.025215,9858.00 ,1327,1.9,0.1
7/25/2017,78.40155,9858.00 ,1327,1.9,0.1
7/26/2017,78.300613,9858.00 ,1327,1.9,0.1
7/27/2017,76.969551,9858.00 ,1327,1.9,0.1
7/28/2017,77.841621,9858.00 ,1327,1.9,0.1
7/31/2017,78.236336,9858.00 ,1327,1.9,0.1
8/1/2017,78.245491,9858.00 ,1327,1.9,0.1
8/2/2017,78.300613,9858.00 ,1327,1.9,0.1
8/3/2017,78.520889,9858.00 ,1327,1.9,0.1
8/4/2017,78.915611,9858.00 ,1327,1.9,0.1
8/7/2017,78.805466,9858.00 ,1327,1.9,0.1
8/8/2017,78.888062,9858.00 ,1327,1.9,0.1
8/9/2017,78.658585,9858.00 ,1327,1.9,0.1
8/10/2017,77.621323,9858.00 ,1327,1.9,0.1
8/11/2017,77.373474,9858.00 ,1327,1.9,0.1
8/14/2017,78.456642,9858.00 ,1327,1.9,0.1
8/15/2017,79.66832,9858.00 ,1327,1.9,0.1
8/16/2017,80.219101,9858.00 ,1327,1.9,0.1
8/17/2017,79.025764,9858.00 ,1327,1.9,0.1
8/18/2017,78.374016,9858.00 ,1327,1.9,0.1
8/21/2017,78.300613,9858.00 ,1327,1.9,0.1
8/22/2017,78.300613,9858.00 ,1327,1.9,0.1
8/23/2017,78.282234,9858.00 ,1327,1.9,0.1
8/24/2017,78.355667,9858.00 ,1327,1.9,0.1
8/25/2017,78.456642,9858.00 ,1327,1.9,0.1
8/28/2017,78.40155,9858.00 ,1327,1.9,0.1
8/29/2017,78.410751,9858.00 ,1327,1.9,0.1
8/30/2017,78.658585,9858.00 ,1327,1.9,0.1
8/31/2017,79.034943,9858.00 ,1327,1.9,0.1
9/1/2017,79.071671,9858.00 ,1327,1.9,0.1
9/5/2017,78.309769,9858.00 ,1327,1.9,0.1
9/6/2017,78.236336,9858.00 ,1327,1.9,0.1
9/7/2017,77.483643,9858.00 ,1327,1.9,0.1
9/8/2017,77.336761,9858.00 ,1327,1.9,0.1
9/11/2017,78.658585,9858.00 ,1327,1.9,0.1
9/12/2017,79.448013,9858.00 ,1327,1.9,0.1
9/13/2017,79.53064,9858.00 ,1327,1.9,0.1
9/14/2017,79.117546,9858.00 ,1327,1.9,0.1
9/15/2017,79.851913,9858.00 ,1327,1.9,0.1
9/18/2017,80.659714,9858.00 ,1327,1.9,0.1
9/19/2017,81.69696,9858.00 ,1327,1.9,0.1
9/20/2017,81.173752,9858.00 ,1327,1.9,0.1
9/21/2017,81.164566,9858.00 ,1327,1.9,0.1
9/22/2017,81.146217,9858.00 ,1327,1.9,0.1
9/25/2017,80.971786,9858.00 ,1327,1.9,0.1
9/26/2017,81.412415,9858.00 ,1327,1.9,0.1
9/27/2017,82.14679,9858.00 ,1327,1.9,0.1
9/28/2017,82.743439,9858.00 ,1327,1.9,0.1
9/29/2017,83.037193,9858.00 ,1327,1.9,0.1
10/2/2017,83.110611,10287.00 ,-1215,1.93,0.1
10/3/2017,83.927589,10287.00 ,-1215,1.93,0.1
10/4/2017,83.542068,10287.00 ,-1215,1.93,0.1
10/5/2017,84.002792,10287.00 ,-1215,1.93,0.1
10/6/2017,84.362183,10287.00 ,-1215,1.93,0.1
10/9/2017,84.491165,10287.00 ,-1215,1.93,0.1
10/10/2017,84.675468,10287.00 ,-1215,1.93,0.1
10/11/2017,84.739983,10287.00 ,-1215,1.93,0.1
10/12/2017,84.417458,10287.00 ,-1215,1.93,0.1
10/13/2017,85.569321,10287.00 ,-1215,1.93,0.1
10/16/2017,84.739983,10287.00 ,-1215,1.93,0.1
10/17/2017,84.491165,10287.00 ,-1215,1.93,0.1
10/18/2017,84.850548,10287.00 ,-1215,1.93,0.1
10/19/2017,84.6847,10287.00 ,-1215,1.93,0.1
10/20/2017,84.859764,10287.00 ,-1215,1.93,0.1
10/23/2017,85.126991,10287.00 ,-1215,1.93,0.1
10/24/2017,86.490814,10287.00 ,-1215,1.93,0.1
10/25/2017,86.186729,10287.00 ,-1215,1.93,0.1
10/26/2017,88.177132,10287.00 ,-1215,1.93,0.1
10/27/2017,88.269272,10287.00 ,-1215,1.93,0.1
10/30/2017,87.605804,10287.00 ,-1215,1.93,0.1
10/31/2017,88.02047,10287.00 ,-1215,1.93,0.1
11/1/2017,88.269272,10287.00 ,-1215,1.93,0.1
11/2/2017,88.444366,10287.00 ,-1215,1.93,0.1
11/3/2017,88.859047,10287.00 ,-1215,1.93,0.1
11/6/2017,88.730011,10287.00 ,-1215,1.93,0.1
11/7/2017,87.882256,10287.00 ,-1215,1.93,0.1
11/8/2017,87.661102,10287.00 ,-1215,1.93,0.1
11/9/2017,86.389442,10287.00 ,-1215,1.93,0.1
11/10/2017,86.177498,10287.00 ,-1215,1.93,0.1
11/13/2017,86.527657,10287.00 ,-1215,1.93,0.1
11/14/2017,86.398651,10287.00 ,-1215,1.93,0.1
11/15/2017,85.937897,10287.00 ,-1215,1.93,0.1
11/16/2017,86.214363,10287.00 ,-1215,1.93,0.1
11/17/2017,86.33416,10287.00 ,-1215,1.93,0.1
11/20/2017,86.573738,10287.00 ,-1215,1.93,0.1
11/21/2017,86.99762,10287.00 ,-1215,1.93,0.1
11/22/2017,86.453941,10287.00 ,-1215,1.93,0.1
11/24/2017,86.140656,10287.00 ,-1215,1.93,0.1
11/27/2017,86.131424,10287.00 ,-1215,1.93,0.1
11/28/2017,87.799316,10287.00 ,-1215,1.93,0.1
11/29/2017,89.015678,10287.00 ,-1215,1.93,0.1
11/30/2017,90.038528,10287.00 ,-1215,1.93,0.1
12/1/2017,90.176743,10287.00 ,-1215,1.93,0.1
12/4/2017,90.849434,10287.00 ,-1215,1.93,0.1
12/5/2017,90.960014,10287.00 ,-1215,1.93,0.1
12/6/2017,90.49926,10287.00 ,-1215,1.93,0.1
12/7/2017,90.840225,10287.00 ,-1215,1.93,0.1
12/8/2017,90.812592,10287.00 ,-1215,1.93,0.1
12/11/2017,91.227242,10287.00 ,-1215,1.93,0.1
12/12/2017,91.56823,10287.00 ,-1215,1.93,0.1
12/13/2017,90.103027,10287.00 ,-1215,1.93,0.1
12/14/2017,89.522499,10287.00 ,-1215,1.93,0.1
12/15/2017,90.784935,10287.00 ,-1215,1.93,0.1
12/18/2017,91.853874,10287.00 ,-1215,1.93,0.1
12/19/2017,91.365494,10287.00 ,-1215,1.93,0.1
12/20/2017,90.775734,10287.00 ,-1215,1.93,0.1
12/21/2017,90.766518,10287.00 ,-1215,1.93,0.1
12/22/2017,90.987663,10287.00 ,-1215,1.93,0.1
12/26/2017,90.831009,10287.00 ,-1215,1.93,0.1
12/27/2017,91.347038,10287.00 ,-1215,1.93,0.1
12/28/2017,91.872299,10287.00 ,-1215,1.93,0.1
12/29/2017,91.512894,10287.00 ,-1215,1.93,0.1
1/2/2018,91.171959,10339.00 ,1600,1.91,0.11
1/3/2018,91.734077,10339.00 ,1600,1.91,0.11
1/4/2018,93.259888,10339.00 ,1600,1.91,0.11
1/5/2018,93.472572,10339.00 ,1600,1.91,0.11
1/8/2018,92.612587,10339.00 ,1600,1.91,0.11
1/9/2018,92.954735,10339.00 ,1600,1.91,0.11
1/10/2018,93.602051,10339.00 ,1600,1.91,0.11
1/11/2018,93.148918,10339.00 ,1600,1.91,0.11
1/12/2018,93.370857,10339.00 ,1600,1.91,0.11
1/16/2018,92.788277,10339.00 ,1600,1.91,0.11
1/17/2018,93.176666,10339.00 ,1600,1.91,0.11
1/18/2018,92.344406,10339.00 ,1600,1.91,0.11
1/19/2018,90.652115,10339.00 ,1600,1.91,0.11
1/22/2018,90.920311,10339.00 ,1600,1.91,0.11
1/23/2018,90.605896,10339.00 ,1600,1.91,0.11
1/24/2018,91.826538,10339.00 ,1600,1.91,0.11
1/25/2018,92.187195,10339.00 ,1600,1.91,0.11
1/26/2018,92.131706,10339.00 ,1600,1.91,0.11
1/29/2018,91.928268,10339.00 ,1600,1.91,0.11
1/30/2018,91.280937,10339.00 ,1600,1.91,0.11
1/31/2018,91.919022,10339.00 ,1600,1.91,0.11
2/1/2018,92.473862,10339.00 ,1600,1.91,0.11
2/2/2018,89.403717,10339.00 ,1600,1.91,0.11
2/5/2018,85.085205,10339.00 ,1600,1.91,0.11
2/6/2018,87.091881,10339.00 ,1600,1.91,0.11
2/7/2018,86.564781,10339.00 ,1600,1.91,0.11
2/8/2018,81.691406,10339.00 ,1600,1.91,0.11
2/9/2018,84.817039,10339.00 ,1600,1.91,0.11
2/12/2018,87.572746,10339.00 ,1600,1.91,0.11
2/13/2018,87.443291,10339.00 ,1600,1.91,0.11
2/14/2018,88.987602,10339.00 ,1600,1.91,0.11
2/15/2018,89.292763,10339.00 ,1600,1.91,0.11
2/16/2018,89.505432,10339.00 ,1600,1.91,0.11
2/20/2018,89.875359,10339.00 ,1600,1.91,0.11
2/21/2018,90.16201,10339.00 ,1600,1.91,0.11
2/22/2018,90.023308,10339.00 ,1600,1.91,0.11
2/23/2018,91.364166,10339.00 ,1600,1.91,0.11
2/26/2018,93.990433,10339.00 ,1600,1.91,0.11
2/27/2018,92.08548,10339.00 ,1600,1.91,0.11
2/28/2018,90.171257,10339.00 ,1600,1.91,0.11
3/1/2018,87.979645,10339.00 ,1600,1.91,0.11
3/2/2018,88.405006,10339.00 ,1600,1.91,0.11
3/5/2018,89.385254,10339.00 ,1600,1.91,0.11
3/6/2018,88.839645,10339.00 ,1600,1.91,0.11
3/7/2018,88.442001,10339.00 ,1600,1.91,0.11
3/8/2018,89.320496,10339.00 ,1600,1.91,0.11
3/9/2018,91.595367,10339.00 ,1600,1.91,0.11
3/12/2018,90.319229,10339.00 ,1600,1.91,0.11
3/13/2018,88.192314,10339.00 ,1600,1.91,0.11
3/14/2018,87.415535,10339.00 ,1600,1.91,0.11
3/15/2018,87.286087,10339.00 ,1600,1.91,0.11
3/16/2018,88.414261,10339.00 ,1600,1.91,0.11
3/19/2018,87.702217,10339.00 ,1600,1.91,0.11
3/20/2018,87.803925,10339.00 ,1600,1.91,0.11
3/21/2018,87.609734,10339.00 ,1600,1.91,0.11
3/22/2018,84.530373,10339.00 ,1600,1.91,0.11
3/23/2018,83.642601,10339.00 ,1600,1.91,0.11
3/26/2018,85.649277,10339.00 ,1600,1.91,0.11
3/27/2018,84.539604,10339.00 ,1600,1.91,0.11
3/28/2018,85.270149,10339.00 ,1600,1.91,0.11
3/29/2018,86.259621,10339.00 ,1600,1.91,0.11
4/2/2018,84.151207,10713.00 ,1591,1.92,0.11
4/3/2018,85.760254,10713.00 ,1591,1.92,0.11
4/4/2018,86.537056,10713.00 ,1591,1.92,0.11
4/5/2018,87.437401,10713.00 ,1591,1.92,0.11
4/6/2018,85.311798,10713.00 ,1591,1.92,0.11
4/9/2018,85.525284,10713.00 ,1591,1.92,0.11
4/10/2018,86.323555,10713.00 ,1591,1.92,0.11
4/11/2018,85.024063,10713.00 ,1591,1.92,0.11
4/12/2018,86.648422,10713.00 ,1591,1.92,0.11
4/13/2018,86.351402,10713.00 ,1591,1.92,0.11
4/16/2018,86.88047,10713.00 ,1591,1.92,0.11
4/17/2018,87.121811,10713.00 ,1591,1.92,0.11
4/18/2018,88.319221,10713.00 ,1591,1.92,0.11
4/19/2018,95.020882,10713.00 ,1591,1.92,0.11
4/20/2018,93.554306,10713.00 ,1591,1.92,0.11
4/23/2018,93.387222,10713.00 ,1591,1.92,0.11
4/24/2018,93.229446,10713.00 ,1591,1.92,0.11
4/25/2018,91.688614,10713.00 ,1591,1.92,0.11
4/26/2018,93.034523,10713.00 ,1591,1.92,0.11
4/27/2018,92.459015,10713.00 ,1591,1.92,0.11
4/30/2018,91.660767,10713.00 ,1591,1.92,0.11
5/1/2018,91.502975,10713.00 ,1591,1.92,0.11
5/2/2018,90.621178,10713.00 ,1591,1.92,0.11
5/3/2018,90.166344,10713.00 ,1591,1.92,0.11
5/4/2018,91.289474,10713.00 ,1591,1.92,0.11
5/7/2018,91.502975,10713.00 ,1591,1.92,0.11
5/8/2018,92.579704,10713.00 ,1591,1.92,0.11
5/9/2018,93.285126,10713.00 ,1591,1.92,0.11
5/10/2018,94.101959,10713.00 ,1591,1.92,0.11
5/11/2018,94.139076,10713.00 ,1591,1.92,0.11
5/14/2018,94.018433,10713.00 ,1591,1.92,0.11
5/15/2018,93.507904,10713.00 ,1591,1.92,0.11
5/16/2018,93.36866,10713.00 ,1591,1.92,0.11
5/17/2018,93.953445,10713.00 ,1591,1.92,0.11
5/18/2018,93.739952,10713.00 ,1591,1.92,0.11
5/21/2018,94.714561,10713.00 ,1591,1.92,0.11
5/22/2018,95.327187,10713.00 ,1591,1.92,0.11
5/23/2018,94.612465,10713.00 ,1591,1.92,0.11
5/24/2018,94.686722,10713.00 ,1591,1.92,0.11
5/25/2018,93.842041,10713.00 ,1591,1.92,0.11
5/29/2018,90.704704,10713.00 ,1591,1.92,0.11
5/30/2018,91.883522,10713.00 ,1591,1.92,0.11
5/31/2018,91.243088,10713.00 ,1591,1.92,0.11
6/1/2018,91.196655,10713.00 ,1591,1.92,0.11
6/4/2018,92.310501,10713.00 ,1591,1.92,0.11
6/5/2018,92.180557,10713.00 ,1591,1.92,0.11
6/6/2018,93.72139,10713.00 ,1591,1.92,0.11
6/7/2018,94.194786,10713.00 ,1591,1.92,0.11
6/8/2018,93.749252,10713.00 ,1591,1.92,0.11
6/11/2018,93.934883,10713.00 ,1591,1.92,0.11
6/12/2018,93.498619,10713.00 ,1591,1.92,0.11
6/13/2018,92.839584,10713.00 ,1591,1.92,0.11
6/14/2018,92.598282,10713.00 ,1591,1.92,0.11
6/15/2018,91.447273,10713.00 ,1591,1.92,0.11
6/18/2018,91.400856,10713.00 ,1591,1.92,0.11
6/19/2018,90.166344,10713.00 ,1591,1.92,0.11
6/20/2018,89.498024,10713.00 ,1591,1.92,0.11
6/21/2018,89.69297,10713.00 ,1591,1.92,0.11
6/22/2018,90.249893,10713.00 ,1591,1.92,0.11
6/25/2018,91.465836,10713.00 ,1591,1.92,0.11
6/26/2018,91.159523,10713.00 ,1591,1.92,0.11
6/27/2018,89.999268,10713.00 ,1591,1.92,0.11
6/28/2018,90.008545,10713.00 ,1591,1.92,0.11
6/29/2018,90.964615,10713.00 ,1591,1.92,0.11
7/2/2018,91.892822,10921.00 ,1621,1.88,0.11
7/3/2018,90.816078,10921.00 ,1621,1.88,0.11
7/5/2018,91.784889,10921.00 ,1621,1.88,0.11
7/6/2018,91.775581,10921.00 ,1621,1.88,0.11
7/9/2018,93.070427,10921.00 ,1621,1.88,0.11
7/10/2018,93.070427,10921.00 ,1621,1.88,0.11
7/11/2018,93.433723,10921.00 ,1621,1.88,0.11
7/12/2018,94.225555,10921.00 ,1621,1.88,0.11
7/13/2018,93.620033,10921.00 ,1621,1.88,0.11
7/16/2018,93.797035,10921.00 ,1621,1.88,0.11
7/17/2018,94.225555,10921.00 ,1621,1.88,0.11
7/18/2018,95.93026,10921.00 ,1621,1.88,0.11
7/19/2018,93.312614,10921.00 ,1621,1.88,0.11
7/20/2018,93.293991,10921.00 ,1621,1.88,0.11
7/23/2018,94.290756,10921.00 ,1621,1.88,0.11
7/24/2018,94.747215,10921.00 ,1621,1.88,0.11
7/25/2018,95.604218,10921.00 ,1621,1.88,0.11
7/26/2018,95.483124,10921.00 ,1621,1.88,0.11
7/27/2018,96.740723,10921.00 ,1621,1.88,0.11
7/30/2018,93.946068,10921.00 ,1621,1.88,0.11
7/31/2018,92.707115,10921.00 ,1621,1.88,0.11
8/1/2018,92.641907,10921.00 ,1621,1.88,0.11
8/2/2018,92.902748,10921.00 ,1621,1.88,0.11
8/3/2018,93.89019,10921.00 ,1621,1.88,0.11
8/6/2018,94.011276,10921.00 ,1621,1.88,0.11
8/7/2018,94.98941,10921.00 ,1621,1.88,0.11
8/8/2018,95.743973,10921.00 ,1621,1.88,0.11
8/9/2018,95.939583,10921.00 ,1621,1.88,0.11
8/10/2018,94.626099,10921.00 ,1621,1.88,0.11
8/13/2018,94.840347,10921.00 ,1621,1.88,0.11
8/14/2018,95.18502,10921.00 ,1621,1.88,0.11
8/15/2018,94.56089,10921.00 ,1621,1.88,0.11
8/16/2018,95.622864,10921.00 ,1621,1.88,0.11
8/17/2018,95.976837,10921.00 ,1621,1.88,0.11
8/20/2018,96.722069,10921.00 ,1621,1.88,0.11
8/21/2018,97.634987,10921.00 ,1621,1.88,0.11
8/22/2018,98.585159,10921.00 ,1621,1.88,0.11
8/23/2018,98.156662,10921.00 ,1621,1.88,0.11
8/24/2018,98.519951,10921.00 ,1621,1.88,0.11
8/27/2018,99.721649,10921.00 ,1621,1.88,0.11
8/28/2018,99.935905,10921.00 ,1621,1.88,0.11
8/29/2018,99.404915,10921.00 ,1621,1.88,0.11
8/30/2018,98.957771,10921.00 ,1621,1.88,0.11
8/31/2018,98.724899,10921.00 ,1621,1.88,0.11
9/4/2018,99.684372,10921.00 ,1621,1.88,0.11
9/5/2018,98.445435,10921.00 ,1621,1.88,0.11
9/6/2018,98.184616,10921.00 ,1621,1.88,0.11
9/7/2018,98.818054,10921.00 ,1621,1.88,0.11
9/10/2018,99.945198,10921.00 ,1621,1.88,0.11
9/11/2018,100.895378,10921.00 ,1621,1.88,0.11
9/12/2018,100.49482,10921.00 ,1621,1.88,0.11
9/13/2018,101.221413,10921.00 ,1621,1.88,0.11
9/14/2018,102.059814,10921.00 ,1621,1.88,0.11
9/17/2018,101.724449,10921.00 ,1621,1.88,0.11
9/18/2018,102.134323,10921.00 ,1621,1.88,0.11
9/19/2018,102.562859,10921.00 ,1621,1.88,0.11
9/20/2018,103.503723,10921.00 ,1621,1.88,0.11
9/21/2018,103.30809,10921.00 ,1621,1.88,0.11
9/24/2018,102.329964,10921.00 ,1621,1.88,0.11
9/25/2018,102.348587,10921.00 ,1621,1.88,0.11
9/26/2018,100.615929,10921.00 ,1621,1.88,0.11
9/27/2018,100.466873,10921.00 ,1621,1.88,0.11
9/28/2018,99.199974,10921.00 ,1621,1.88,0.11
10/1/2018,100.513443,11308.00 ,1975,1.95,0.11
10/2/2018,100.969902,11308.00 ,1975,1.95,0.11
10/3/2018,101.025795,11308.00 ,1975,1.95,0.11
10/4/2018,100.726631,11308.00 ,1975,1.95,0.11
10/5/2018,100.249847,11308.00 ,1975,1.95,0.11
10/8/2018,100.025467,11308.00 ,1975,1.95,0.11
10/9/2018,99.716942,11308.00 ,1975,1.95,0.11
10/10/2018,96.828079,11308.00 ,1975,1.95,0.11
10/11/2018,94.967606,11308.00 ,1975,1.95,0.11
10/12/2018,96.295181,11308.00 ,1975,1.95,0.11
10/15/2018,95.939926,11308.00 ,1975,1.95,0.11
10/16/2018,97.482498,11308.00 ,1975,1.95,0.11
10/17/2018,97.547943,11308.00 ,1975,1.95,0.11
10/18/2018,96.145599,11308.00 ,1975,1.95,0.11
10/19/2018,99.782387,11308.00 ,1975,1.95,0.11
10/22/2018,97.706902,11308.00 ,1975,1.95,0.11
10/23/2018,97.58535,11308.00 ,1975,1.95,0.11
10/24/2018,95.210678,11308.00 ,1975,1.95,0.11
10/25/2018,96.856133,11308.00 ,1975,1.95,0.11
10/26/2018,94.659103,11308.00 ,1975,1.95,0.11
10/29/2018,94.603012,11308.00 ,1975,1.95,0.11
10/30/2018,95.435089,11308.00 ,1975,1.95,0.11
10/31/2018,96.042763,11308.00 ,1975,1.95,0.11
11/1/2018,97.267471,11308.00 ,1975,1.95,0.11
11/2/2018,96.958969,11308.00 ,1975,1.95,0.11
11/5/2018,98.361328,11308.00 ,1975,1.95,0.11
11/6/2018,98.146317,11308.00 ,1975,1.95,0.11
11/7/2018,100.324623,11308.00 ,1975,1.95,0.11
11/8/2018,101.437149,11308.00 ,1975,1.95,0.11
11/9/2018,101.231491,11308.00 ,1975,1.95,0.11
11/12/2018,99.557999,11308.00 ,1975,1.95,0.11
11/13/2018,100.838814,11308.00 ,1975,1.95,0.11
11/14/2018,100.754662,11308.00 ,1975,1.95,0.11
11/15/2018,102.465553,11308.00 ,1975,1.95,0.11
11/16/2018,102.334656,11308.00 ,1975,1.95,0.11
11/19/2018,101.20343,11308.00 ,1975,1.95,0.11
11/20/2018,99.184059,11308.00 ,1975,1.95,0.11
11/21/2018,99.56736,11308.00 ,1975,1.95,0.11
11/23/2018,98.856827,11308.00 ,1975,1.95,0.11
11/26/2018,102.540344,11308.00 ,1975,1.95,0.11
11/27/2018,102.94236,11308.00 ,1975,1.95,0.11
11/28/2018,105.541405,11308.00 ,1975,1.95,0.11
11/29/2018,104.064247,11308.00 ,1975,1.95,0.11
11/30/2018,104.961731,11308.00 ,1975,1.95,0.11
12/3/2018,105.045898,11308.00 ,1975,1.95,0.11
12/4/2018,100.633141,11308.00 ,1975,1.95,0.11
12/6/2018,101.20343,11308.00 ,1975,1.95,0.11
12/7/2018,99.735641,11308.00 ,1975,1.95,0.11
12/10/2018,98.903572,11308.00 ,1975,1.95,0.11
12/11/2018,98.538971,11308.00 ,1975,1.95,0.11
12/12/2018,100.483543,11308.00 ,1975,1.95,0.11
12/13/2018,99.754318,11308.00 ,1975,1.95,0.11
12/14/2018,98.819412,11308.00 ,1975,1.95,0.11
12/17/2018,94.593651,11308.00 ,1975,1.95,0.11
12/18/2018,94.444054,11308.00 ,1975,1.95,0.11
12/19/2018,92.340538,11308.00 ,1975,1.95,0.11
12/20/2018,89.53582,11308.00 ,1975,1.95,0.11
12/21/2018,85.384842,11308.00 ,1975,1.95,0.11
12/24/2018,83.673981,11308.00 ,1975,1.95,0.11
12/26/2018,87.731438,11308.00 ,1975,1.95,0.11
12/27/2018,88.516769,11308.00 ,1975,1.95,0.11
12/28/2018,88.273689,11308.00 ,1975,1.95,0.11
12/31/2018,89.115143,11308.00 ,1975,1.95,0.11
1/2/2019,89.451675,11259.00 ,1518,1.88,0.1
1/3/2019,87.705635,11259.00 ,1518,1.88,0.1
1/4/2019,91.657707,11259.00 ,1518,1.88,0.1
1/7/2019,92.155228,11259.00 ,1518,1.88,0.1
1/8/2019,92.605797,11259.00 ,1518,1.88,0.1
1/9/2019,92.774811,11259.00 ,1518,1.88,0.1
1/10/2019,92.239708,11259.00 ,1518,1.88,0.1
1/11/2019,92.511932,11259.00 ,1518,1.88,0.1
1/14/2019,92.408684,11259.00 ,1518,1.88,0.1
1/15/2019,91.986252,11259.00 ,1518,1.88,0.1
1/16/2019,93.31926,11259.00 ,1518,1.88,0.1
1/17/2019,93.394348,11259.00 ,1518,1.88,0.1
1/18/2019,94.323685,11259.00 ,1518,1.88,0.1
1/22/2019,93.713524,11259.00 ,1518,1.88,0.1
1/23/2019,93.600861,11259.00 ,1518,1.88,0.1
1/24/2019,93.610268,11259.00 ,1518,1.88,0.1
1/25/2019,94.595917,11259.00 ,1518,1.88,0.1
1/28/2019,94.229813,11259.00 ,1518,1.88,0.1
1/29/2019,94.774284,11259.00 ,1518,1.88,0.1
1/30/2019,96.379501,11259.00 ,1518,1.88,0.1
1/31/2019,96.407677,11259.00 ,1518,1.88,0.1
2/1/2019,96.745628,11259.00 ,1518,1.88,0.1
2/4/2019,97.083557,11259.00 ,1518,1.88,0.1
2/5/2019,97.534142,11259.00 ,1518,1.88,0.1
2/6/2019,98.529205,11259.00 ,1518,1.88,0.1
2/7/2019,97.994118,11259.00 ,1518,1.88,0.1
2/8/2019,98.116158,11259.00 ,1518,1.88,0.1
2/11/2019,98.951637,11259.00 ,1518,1.88,0.1
2/12/2019,100.444221,11259.00 ,1518,1.88,0.1
2/13/2019,100.969894,11259.00 ,1518,1.88,0.1
2/14/2019,100.087494,11259.00 ,1518,1.88,0.1
2/15/2019,100.800919,11259.00 ,1518,1.88,0.1
2/19/2019,99.974854,11259.00 ,1518,1.88,0.1
2/20/2019,100.237694,11259.00 ,1518,1.88,0.1
2/21/2019,100.07811,11259.00 ,1518,1.88,0.1
2/22/2019,100.857262,11259.00 ,1518,1.88,0.1
2/25/2019,100.378517,11259.00 ,1518,1.88,0.1
2/26/2019,100.387886,11259.00 ,1518,1.88,0.1
2/27/2019,100.838486,11259.00 ,1518,1.88,0.1
2/28/2019,101.138893,11259.00 ,1518,1.88,0.1
3/1/2019,102.227806,11259.00 ,1518,1.88,0.1
3/4/2019,102.321678,11259.00 ,1518,1.88,0.1
3/5/2019,102.180862,11259.00 ,1518,1.88,0.1
3/6/2019,102.30291,11259.00 ,1518,1.88,0.1
3/7/2019,101.251511,11259.00 ,1518,1.88,0.1
3/8/2019,101.364197,11259.00 ,1518,1.88,0.1
3/11/2019,102.847366,11259.00 ,1518,1.88,0.1
3/12/2019,103.664063,11259.00 ,1518,1.88,0.1
3/13/2019,105.269302,11259.00 ,1518,1.88,0.1
3/14/2019,105.466431,11259.00 ,1518,1.88,0.1
3/15/2019,106.564735,11259.00 ,1518,1.88,0.1
3/18/2019,106.592918,11259.00 ,1518,1.88,0.1
3/19/2019,105.766823,11259.00 ,1518,1.88,0.1
3/20/2019,103.983215,11259.00 ,1518,1.88,0.1
3/21/2019,104.96891,11259.00 ,1518,1.88,0.1
3/22/2019,102.753487,11259.00 ,1518,1.88,0.1
3/25/2019,102.359222,11259.00 ,1518,1.88,0.1
3/26/2019,102.791061,11259.00 ,1518,1.88,0.1
3/27/2019,102.30291,11259.00 ,1518,1.88,0.1
3/28/2019,102.471878,11259.00 ,1518,1.88,0.1
3/29/2019,102.603294,11259.00 ,1518,1.88,0.1
4/1/2019,104.856255,11729.00 ,1729,1.84,0.1
4/2/2019,104.19915,11729.00 ,1729,1.84,0.1
4/3/2019,103.786079,11729.00 ,1729,1.84,0.1
4/4/2019,103.738998,11729.00 ,1729,1.84,0.1
4/5/2019,104.530327,11729.00 ,1729,1.84,0.1
4/8/2019,104.285378,11729.00 ,1729,1.84,0.1
4/9/2019,103.48465,11729.00 ,1729,1.84,0.1
4/10/2019,103.776672,11729.00 ,1729,1.84,0.1
4/11/2019,103.48465,11729.00 ,1729,1.84,0.1
4/12/2019,104.483223,11729.00 ,1729,1.84,0.1
4/15/2019,104.125244,11729.00 ,1729,1.84,0.1
4/16/2019,105.397003,11729.00 ,1729,1.84,0.1
4/17/2019,105.283966,11729.00 ,1729,1.84,0.1
4/18/2019,107.083305,11729.00 ,1729,1.84,0.1
4/22/2019,105.820946,11729.00 ,1729,1.84,0.1
4/23/2019,107.365913,11729.00 ,1729,1.84,0.1
4/24/2019,107.413017,11729.00 ,1729,1.84,0.1
4/25/2019,109.165222,11729.00 ,1729,1.84,0.1
4/26/2019,110.785553,11729.00 ,1729,1.84,0.1
4/29/2019,109.99424,11729.00 ,1729,1.84,0.1
4/30/2019,110.436996,11729.00 ,1729,1.84,0.1
5/1/2019,110.239159,11729.00 ,1729,1.84,0.1
5/2/2019,110.455849,11729.00 ,1729,1.84,0.1
5/3/2019,112.434166,11729.00 ,1729,1.84,0.1
5/6/2019,112.424744,11729.00 ,1729,1.84,0.1
5/7/2019,111.369637,11729.00 ,1729,1.84,0.1
5/8/2019,110.681946,11729.00 ,1729,1.84,0.1
5/9/2019,110.465263,11729.00 ,1729,1.84,0.1
5/10/2019,111.595726,11729.00 ,1729,1.84,0.1
5/13/2019,109.184074,11729.00 ,1729,1.84,0.1
5/14/2019,110.229752,11729.00 ,1729,1.84,0.1
5/15/2019,110.842102,11729.00 ,1729,1.84,0.1
5/16/2019,112.895775,11729.00 ,1729,1.84,0.1
5/17/2019,112.170395,11729.00 ,1729,1.84,0.1
5/20/2019,112.895775,11729.00 ,1729,1.84,0.1
5/21/2019,113.564651,11729.00 ,1729,1.84,0.1
5/22/2019,113.055923,11729.00 ,1729,1.84,0.1
5/23/2019,111.567474,11729.00 ,1729,1.84,0.1
5/24/2019,112.584885,11729.00 ,1729,1.84,0.1
5/28/2019,111.32254,11729.00 ,1729,1.84,0.1
5/29/2019,110.229752,11729.00 ,1729,1.84,0.1
5/30/2019,109.975403,11729.00 ,1729,1.84,0.1
5/31/2019,108.063042,11729.00 ,1729,1.84,0.1
6/3/2019,107.978249,11729.00 ,1729,1.84,0.1
6/4/2019,110.079041,11729.00 ,1729,1.84,0.1
6/5/2019,111.275429,11729.00 ,1729,1.84,0.1
6/6/2019,112.509537,11729.00 ,1729,1.84,0.1
6/7/2019,114.092171,11729.00 ,1729,1.84,0.1
6/10/2019,115.552353,11729.00 ,1729,1.84,0.1
6/11/2019,116.089348,11729.00 ,1729,1.84,0.1
6/12/2019,114.95887,11729.00 ,1729,1.84,0.1
6/13/2019,114.798721,11729.00 ,1729,1.84,0.1
6/14/2019,114.930595,11729.00 ,1729,1.84,0.1
6/17/2019,114.412476,11729.00 ,1729,1.84,0.1
6/18/2019,116.277748,11729.00 ,1729,1.84,0.1
6/19/2019,117.455307,11729.00 ,1729,1.84,0.1
6/20/2019,117.681389,11729.00 ,1729,1.84,0.1
6/21/2019,117.502411,11729.00 ,1729,1.84,0.1
6/24/2019,116.946594,11729.00 ,1729,1.84,0.1
6/25/2019,116.023384,11729.00 ,1729,1.84,0.1
6/26/2019,116.428452,11729.00 ,1729,1.84,0.1
6/27/2019,116.758186,11729.00 ,1729,1.84,0.1
6/28/2019,116.287163,11729.00 ,1729,1.84,0.1
7/1/2019,117.681389,11866.00 ,1723,1.86,0.1
7/2/2019,117.850975,11866.00 ,1723,1.86,0.1
7/3/2019,118.937729,11866.00 ,1723,1.86,0.1
7/5/2019,118.503036,11866.00 ,1723,1.86,0.1
7/8/2019,117.983276,11866.00 ,1723,1.86,0.1
7/9/2019,118.975517,11866.00 ,1723,1.86,0.1
7/10/2019,119.911064,11866.00 ,1723,1.86,0.1
7/11/2019,120.27964,11866.00 ,1723,1.86,0.1
7/12/2019,120.922218,11866.00 ,1723,1.86,0.1
7/15/2019,121.498672,11866.00 ,1723,1.86,0.1
7/16/2019,121.016731,11866.00 ,1723,1.86,0.1
7/17/2019,120.09063,11866.00 ,1723,1.86,0.1
7/18/2019,121.33802,11866.00 ,1723,1.86,0.1
7/19/2019,117.954926,11866.00 ,1723,1.86,0.1
7/22/2019,119.070023,11866.00 ,1723,1.86,0.1
7/23/2019,121.149025,11866.00 ,1723,1.86,0.1
7/24/2019,120.912758,11866.00 ,1723,1.86,0.1
7/25/2019,120.156776,11866.00 ,1723,1.86,0.1
7/26/2019,119.807121,11866.00 ,1723,1.86,0.1
7/29/2019,120.19458,11866.00 ,1723,1.86,0.1
7/30/2019,119.514175,11866.00 ,1723,1.86,0.1
7/31/2019,117.529686,11866.00 ,1723,1.86,0.1
8/1/2019,117.265068,11866.00 ,1723,1.86,0.1
8/2/2019,117.472969,11866.00 ,1723,1.86,0.1
8/5/2019,114.080421,11866.00 ,1723,1.86,0.1
8/6/2019,115.809776,11866.00 ,1723,1.86,0.1
8/7/2019,116.745308,11866.00 ,1723,1.86,0.1
8/8/2019,118.399071,11866.00 ,1723,1.86,0.1
8/9/2019,119.230675,11866.00 ,1723,1.86,0.1
8/12/2019,117.132759,11866.00 ,1723,1.86,0.1
8/13/2019,119.372414,11866.00 ,1723,1.86,0.1
8/14/2019,115.904282,11866.00 ,1723,1.86,0.1
8/15/2019,115.649124,11866.00 ,1723,1.86,0.1
8/16/2019,117.775368,11866.00 ,1723,1.86,0.1
8/19/2019,117.558037,11866.00 ,1723,1.86,0.1
8/20/2019,114.74192,11866.00 ,1723,1.86,0.1
8/21/2019,115.762535,11866.00 ,1723,1.86,0.1
8/22/2019,115.545174,11866.00 ,1723,1.86,0.1
8/23/2019,111.283226,11866.00 ,1723,1.86,0.1
8/26/2019,112.010864,11866.00 ,1723,1.86,0.1
8/27/2019,111.273766,11866.00 ,1723,1.86,0.1
8/28/2019,112.540077,11866.00 ,1723,1.86,0.1
8/29/2019,114.099312,11866.00 ,1723,1.86,0.1
8/30/2019,113.749672,11866.00 ,1723,1.86,0.1
9/3/2019,111.132027,11866.00 ,1723,1.86,0.1
9/4/2019,111.888031,11866.00 ,1723,1.86,0.1
9/5/2019,114.033157,11866.00 ,1723,1.86,0.1
9/6/2019,113.579567,11866.00 ,1723,1.86,0.1
9/9/2019,113.324432,11866.00 ,1723,1.86,0.1
9/10/2019,110.857971,11866.00 ,1723,1.86,0.1
9/11/2019,111.510025,11866.00 ,1723,1.86,0.1
9/12/2019,112.4739,11866.00 ,1723,1.86,0.1
9/13/2019,112.644028,11866.00 ,1723,1.86,0.1
9/16/2019,111.169823,11866.00 ,1723,1.86,0.1
9/17/2019,112.502289,11866.00 ,1723,1.86,0.1
9/18/2019,112.20932,11866.00 ,1723,1.86,0.1
9/19/2019,111.311577,11866.00 ,1723,1.86,0.1
9/20/2019,110.376022,11866.00 ,1723,1.86,0.1
9/23/2019,111.736816,11866.00 ,1723,1.86,0.1
9/24/2019,111.670654,11866.00 ,1723,1.86,0.1
9/25/2019,112.56842,11866.00 ,1723,1.86,0.1
9/26/2019,112.36998,11866.00 ,1723,1.86,0.1
9/27/2019,112.067574,11866.00 ,1723,1.86,0.1
9/30/2019,111.774628,11866.00 ,1723,1.86,0.1
10/1/2019,110.281517,12166.00 ,1661,1.85,0.1
10/2/2019,106.652718,12166.00 ,1661,1.85,0.1
10/3/2019,106.766563,12166.00 ,1661,1.85,0.1
10/4/2019,108.530991,12166.00 ,1661,1.85,0.1
10/7/2019,107.810036,12166.00 ,1661,1.85,0.1
10/8/2019,106.75705,12166.00 ,1661,1.85,0.1
10/9/2019,108.06617,12166.00 ,1661,1.85,0.1
10/10/2019,109.109634,12166.00 ,1661,1.85,0.1
10/11/2019,110.418724,12166.00 ,1661,1.85,0.1
10/14/2019,110.409225,12166.00 ,1661,1.85,0.1
10/15/2019,111.547569,12166.00 ,1661,1.85,0.1
10/16/2019,111.376823,12166.00 ,1661,1.85,0.1
10/17/2019,112.97998,12166.00 ,1661,1.85,0.1
10/18/2019,110.760216,12166.00 ,1661,1.85,0.1
10/21/2019,112.932556,12166.00 ,1661,1.85,0.1
10/22/2019,112.515152,12166.00 ,1661,1.85,0.1
10/23/2019,110.504105,12166.00 ,1661,1.85,0.1
10/24/2019,110.428207,12166.00 ,1661,1.85,0.1
10/25/2019,112.183151,12166.00 ,1661,1.85,0.1
10/28/2019,112.486702,12166.00 ,1661,1.85,0.1
10/29/2019,111.386307,12166.00 ,1661,1.85,0.1
10/30/2019,112.002914,12166.00 ,1661,1.85,0.1
10/31/2019,111.253487,12166.00 ,1661,1.85,0.1
11/1/2019,113.017929,12166.00 ,1661,1.85,0.1
11/4/2019,113.473259,12166.00 ,1661,1.85,0.1
11/5/2019,112.666924,12166.00 ,1661,1.85,0.1
11/6/2019,113.539665,12166.00 ,1661,1.85,0.1
11/7/2019,115.047943,12166.00 ,1661,1.85,0.1
11/8/2019,115.22821,12166.00 ,1661,1.85,0.1
11/11/2019,114.687485,12166.00 ,1661,1.85,0.1
11/12/2019,114.678009,12166.00 ,1661,1.85,0.1
11/13/2019,114.080383,12166.00 ,1661,1.85,0.1
11/14/2019,114.715942,12166.00 ,1661,1.85,0.1
11/15/2019,114.554672,12166.00 ,1661,1.85,0.1
11/18/2019,113.511208,12166.00 ,1661,1.85,0.1
11/19/2019,113.833733,12166.00 ,1661,1.85,0.1
11/20/2019,113.169701,12166.00 ,1661,1.85,0.1
11/21/2019,112.695404,12166.00 ,1661,1.85,0.1
11/22/2019,112.942047,12166.00 ,1661,1.85,0.1
11/25/2019,114.402901,12166.00 ,1661,1.85,0.1
11/26/2019,113.634521,12166.00 ,1661,1.85,0.1
11/27/2019,114.146774,12166.00 ,1661,1.85,0.1
11/29/2019,113.947563,12166.00 ,1661,1.85,0.1
12/2/2019,111.234535,12166.00 ,1661,1.85,0.1
12/3/2019,110.579987,12166.00 ,1661,1.85,0.1
12/4/2019,111.879593,12166.00 ,1661,1.85,0.1
12/5/2019,112.202118,12166.00 ,1661,1.85,0.1
12/6/2019,114.412384,12166.00 ,1661,1.85,0.1
12/9/2019,114.270088,12166.00 ,1661,1.85,0.1
12/10/2019,114.687485,12166.00 ,1661,1.85,0.1
12/11/2019,114.440865,12166.00 ,1661,1.85,0.1
12/12/2019,116.338074,12166.00 ,1661,1.85,0.1
12/13/2019,118.31118,12166.00 ,1661,1.85,0.1
12/16/2019,117.324646,12166.00 ,1661,1.85,0.1
12/17/2019,118.529381,12166.00 ,1661,1.85,0.1
12/18/2019,117.87484,12166.00 ,1661,1.85,0.1
12/19/2019,118.415535,12166.00 ,1661,1.85,0.1
12/20/2019,119.307228,12166.00 ,1661,1.85,0.1
12/23/2019,118.093018,12166.00 ,1661,1.85,0.1
12/24/2019,118.330154,12166.00 ,1661,1.85,0.1
12/26/2019,118.965752,12166.00 ,1661,1.85,0.1
12/27/2019,118.757034,12166.00 ,1661,1.85,0.1
12/30/2019,117.912773,12166.00 ,1661,1.85,0.1
12/31/2019,118.093018,12166.00 ,1661,1.85,0.1
1/2/2020,119.796921,11026.00 ,333,1.76,0.09
1/3/2020,118.60704,11026.00 ,333,1.76,0.09
1/6/2020,118.093018,11026.00 ,333,1.76,0.09
1/7/2020,117.474274,11026.00 ,333,1.76,0.09
1/8/2020,119.501823,11026.00 ,333,1.76,0.09
1/9/2020,121.662651,11026.00 ,333,1.76,0.09
1/10/2020,121.15815,11026.00 ,333,1.76,0.09
1/13/2020,122.357521,11026.00 ,333,1.76,0.09
1/14/2020,122.605034,11026.00 ,333,1.76,0.09
1/15/2020,123.575974,11026.00 ,333,1.76,0.09
1/16/2020,124.270874,11026.00 ,333,1.76,0.09
1/17/2020,125.194214,11026.00 ,333,1.76,0.09
1/21/2020,124.251839,11026.00 ,333,1.76,0.09
1/22/2020,125.165665,11026.00 ,333,1.76,0.09
1/23/2020,125.051422,11026.00 ,333,1.76,0.09
1/24/2020,128.611542,11026.00 ,333,1.76,0.09
1/27/2020,124.356537,11026.00 ,333,1.76,0.09
1/28/2020,126.079491,11026.00 ,333,1.76,0.09
1/29/2020,125.346497,11026.00 ,333,1.76,0.09
1/30/2020,126.812447,11026.00 ,333,1.76,0.09
1/31/2020,123.623566,11026.00 ,333,1.76,0.09
2/3/2020,124.699234,11026.00 ,333,1.76,0.09
2/4/2020,125.508331,11026.00 ,333,1.76,0.09
2/5/2020,127.174171,11026.00 ,333,1.76,0.09
2/6/2020,126.841019,11026.00 ,333,1.76,0.09
2/7/2020,125.479774,11026.00 ,333,1.76,0.09
2/10/2020,125.879585,11026.00 ,333,1.76,0.09
2/11/2020,126.250832,11026.00 ,333,1.76,0.09
2/12/2020,126.831451,11026.00 ,333,1.76,0.09
2/13/2020,127.992798,11026.00 ,333,1.76,0.09
2/14/2020,129.334991,11026.00 ,333,1.76,0.09
2/18/2020,129.077972,11026.00 ,333,1.76,0.09
2/19/2020,130.343979,11026.00 ,333,1.76,0.09
2/20/2020,130.010849,11026.00 ,333,1.76,0.09
2/21/2020,128.411636,11026.00 ,333,1.76,0.09
2/24/2020,122.024376,11026.00 ,333,1.76,0.09
2/25/2020,115.084999,11026.00 ,333,1.76,0.09
2/26/2020,112.800438,11026.00 ,333,1.76,0.09
2/27/2020,107.384102,11026.00 ,333,1.76,0.09
2/28/2020,104.642616,11026.00 ,333,1.76,0.09
3/2/2020,108.39312,11026.00 ,333,1.76,0.09
3/3/2020,102.81498,11026.00 ,333,1.76,0.09
3/4/2020,110.135094,11026.00 ,333,1.76,0.09
3/5/2020,105.604057,11026.00 ,333,1.76,0.09
3/6/2020,103.03392,11026.00 ,333,1.76,0.09
3/9/2020,93.562492,11026.00 ,333,1.76,0.09
3/10/2020,98.331528,11026.00 ,333,1.76,0.09
3/11/2020,90.79245,11026.00 ,333,1.76,0.09
3/12/2020,79.512413,11026.00 ,333,1.76,0.09
3/13/2020,94.809486,11026.00 ,333,1.76,0.09
3/16/2020,81.739868,11026.00 ,333,1.76,0.09
3/17/2020,82.415718,11026.00 ,333,1.76,0.09
3/18/2020,70.202812,11026.00 ,333,1.76,0.09
3/19/2020,73.363113,11026.00 ,333,1.76,0.09
3/20/2020,70.555008,11026.00 ,333,1.76,0.09
3/23/2020,65.643173,11026.00 ,333,1.76,0.09
3/24/2020,80.007401,11026.00 ,333,1.76,0.09
3/25/2020,85.833038,11026.00 ,333,1.76,0.09
3/26/2020,88.802979,11026.00 ,333,1.76,0.09
3/27/2020,84.462296,11026.00 ,333,1.76,0.09
3/30/2020,85.928223,11026.00 ,333,1.76,0.09
3/31/2020,81.492355,11026.00 ,333,1.76,0.09
4/1/2020,74.096085,8217.00 ,238,1.56,0.07
4/2/2020,73.378197,8217.00 ,238,1.56,0.07
4/3/2020,70.449196,8217.00 ,238,1.56,0.07
4/6/2020,80.279541,8217.00 ,238,1.56,0.07
4/7/2020,83.830711,8217.00 ,238,1.56,0.07
4/8/2020,88.138069,8217.00 ,238,1.56,0.07
4/9/2020,90.760765,8217.00 ,238,1.56,0.07
4/13/2020,86.462982,8217.00 ,238,1.56,0.07
4/14/2020,84.606041,8217.00 ,238,1.56,0.07
4/15/2020,80.20295,8217.00 ,238,1.56,0.07
4/16/2020,77.867409,8217.00 ,238,1.56,0.07
4/17/2020,83.648849,8217.00 ,238,1.56,0.07
4/20/2020,80.413536,8217.00 ,238,1.56,0.07
4/21/2020,78.030113,8217.00 ,238,1.56,0.07
4/22/2020,79.00647,8217.00 ,238,1.56,0.07
4/23/2020,78.929901,8217.00 ,238,1.56,0.07
4/24/2020,79.609489,8217.00 ,238,1.56,0.07
4/27/2020,81.418579,8217.00 ,238,1.56,0.07
4/28/2020,84.414604,8217.00 ,238,1.56,0.07
4/29/2020,92.005119,8217.00 ,238,1.56,0.07
4/30/2020,87.343597,8217.00 ,238,1.56,0.07
5/1/2020,84.539032,8217.00 ,238,1.56,0.07
5/4/2020,82.682083,8217.00 ,238,1.56,0.07
5/5/2020,83.026657,8217.00 ,238,1.56,0.07
5/6/2020,80.403969,8217.00 ,238,1.56,0.07
5/7/2020,83.017097,8217.00 ,238,1.56,0.07
5/8/2020,85.668518,8217.00 ,238,1.56,0.07
5/11/2020,81.677032,8217.00 ,238,1.56,0.07
5/12/2020,79.580788,8217.00 ,238,1.56,0.07
5/13/2020,74.689537,8217.00 ,238,1.56,0.07
5/14/2020,80.222107,8217.00 ,238,1.56,0.07
5/15/2020,78.700172,8217.00 ,238,1.56,0.07
5/18/2020,84.625175,8217.00 ,238,1.56,0.07
5/19/2020,83.524406,8217.00 ,238,1.56,0.07
5/20/2020,86.845848,8217.00 ,238,1.56,0.07
5/21/2020,85.984383,8217.00 ,238,1.56,0.07
5/22/2020,85.505791,8217.00 ,238,1.56,0.07
5/26/2020,90.282181,8217.00 ,238,1.56,0.07
5/27/2020,96.896355,8217.00 ,238,1.56,0.07
5/28/2020,93.862068,8217.00 ,238,1.56,0.07
5/29/2020,91.000053,8217.00 ,238,1.56,0.07
6/1/2020,92.608139,8217.00 ,238,1.56,0.07
6/2/2020,94.828819,8217.00 ,238,1.56,0.07
6/3/2020,100.88784,8217.00 ,238,1.56,0.07
6/4/2020,101.979019,8217.00 ,238,1.56,0.07
6/5/2020,105.032471,8217.00 ,238,1.56,0.07
6/8/2020,108.803802,8217.00 ,238,1.56,0.07
6/9/2020,105.731209,8217.00 ,238,1.56,0.07
6/10/2020,101.615303,8217.00 ,238,1.56,0.07
6/11/2020,94.378944,8217.00 ,238,1.56,0.07
6/12/2020,97.327087,8217.00 ,238,1.56,0.07
6/15/2020,99.499901,8217.00 ,238,1.56,0.07
6/16/2020,101.098419,8217.00 ,238,1.56,0.07
6/17/2020,99.509483,8217.00 ,238,1.56,0.07
6/18/2020,97.78656,8217.00 ,238,1.56,0.07
6/19/2020,96.618774,8217.00 ,238,1.56,0.07
6/22/2020,95.182991,8217.00 ,238,1.56,0.07
6/23/2020,95.163834,8217.00 ,238,1.56,0.07
6/24/2020,91.392509,8217.00 ,238,1.56,0.07
6/25/2020,93.661041,8217.00 ,238,1.56,0.07
6/26/2020,89.420685,8217.00 ,238,1.56,0.07
6/29/2020,90.473595,8217.00 ,238,1.56,0.07
6/30/2020,91.124489,8217.00 ,238,1.56,0.07
7/1/2020,90.43219,9201.00 ,1050,1.47,0.06
7/2/2020,90.701424,9201.00 ,1050,1.47,0.06
7/6/2020,92.864868,9201.00 ,1050,1.47,0.06
7/7/2020,89.432198,9201.00 ,1050,1.47,0.06
7/8/2020,89.326416,9201.00 ,1050,1.47,0.06
7/9/2020,87.086052,9201.00 ,1050,1.47,0.06
7/10/2020,89.643745,9201.00 ,1050,1.47,0.06
7/13/2020,89.961037,9201.00 ,1050,1.47,0.06
7/14/2020,91.191803,9201.00 ,1050,1.47,0.06
7/15/2020,93.614876,9201.00 ,1050,1.47,0.06
7/16/2020,92.614876,9201.00 ,1050,1.47,0.06
7/17/2020,91.518715,9201.00 ,1050,1.47,0.06
7/20/2020,90.384102,9201.00 ,1050,1.47,0.06
7/21/2020,92.624489,9201.00 ,1050,1.47,0.06
7/22/2020,92.826401,9201.00 ,1050,1.47,0.06
7/23/2020,92.951401,9201.00 ,1050,1.47,0.06
7/24/2020,91.662949,9201.00 ,1050,1.47,0.06
7/27/2020,92.105247,9201.00 ,1050,1.47,0.06
7/28/2020,90.787949,9201.00 ,1050,1.47,0.06
7/29/2020,92.970634,9201.00 ,1050,1.47,0.06
7/30/2020,91.009117,9201.00 ,1050,1.47,0.06
7/31/2020,89.730278,9201.00 ,1050,1.47,0.06
8/3/2020,89.941811,9201.00 ,1050,1.47,0.06
8/4/2020,89.60527,9201.00 ,1050,1.47,0.06
8/5/2020,91.720657,9201.00 ,1050,1.47,0.06
8/6/2020,92.230255,9201.00 ,1050,1.47,0.06
8/7/2020,95.345619,9201.00 ,1050,1.47,0.06
8/10/2020,97.710999,9201.00 ,1050,1.47,0.06
8/11/2020,99.287918,9201.00 ,1050,1.47,0.06
8/12/2020,97.768692,9201.00 ,1050,1.47,0.06
8/13/2020,96.557144,9201.00 ,1050,1.47,0.06
8/14/2020,96.547539,9201.00 ,1050,1.47,0.06
8/17/2020,93.797554,9201.00 ,1050,1.47,0.06
8/18/2020,92.951401,9201.00 ,1050,1.47,0.06
8/19/2020,93.162941,9201.00 ,1050,1.47,0.06
8/20/2020,92.999489,9201.00 ,1050,1.47,0.06
8/21/2020,92.451416,9201.00 ,1050,1.47,0.06
8/24/2020,95.509087,9201.00 ,1050,1.47,0.06
8/25/2020,95.239861,9201.00 ,1050,1.47,0.06
8/26/2020,94.614861,9201.00 ,1050,1.47,0.06
8/27/2020,97.624466,9201.00 ,1050,1.47,0.06
8/28/2020,98.595619,9201.00 ,1050,1.47,0.06
8/31/2020,97.682137,9201.00 ,1050,1.47,0.06
9/1/2020,98.528313,9201.00 ,1050,1.47,0.06
9/2/2020,100.384048,9201.00 ,1050,1.47,0.06
9/3/2020,100.441757,9201.00 ,1050,1.47,0.06
9/4/2020,101.605202,9201.00 ,1050,1.47,0.06
9/8/2020,99.682129,9201.00 ,1050,1.47,0.06
9/9/2020,99.787903,9201.00 ,1050,1.47,0.06
9/10/2020,98.816765,9201.00 ,1050,1.47,0.06
9/11/2020,99.384071,9201.00 ,1050,1.47,0.06
9/14/2020,103.143654,9201.00 ,1050,1.47,0.06
9/15/2020,102.576347,9201.00 ,1050,1.47,0.06
9/16/2020,101.90329,9201.00 ,1050,1.47,0.06
9/17/2020,100.634056,9201.00 ,1050,1.47,0.06
9/18/2020,99.460983,9201.00 ,1050,1.47,0.06
9/21/2020,94.393707,9201.00 ,1050,1.47,0.06
9/22/2020,94.691788,9201.00 ,1050,1.47,0.06
9/23/2020,91.884102,9201.00 ,1050,1.47,0.06
9/24/2020,91.77832,9201.00 ,1050,1.47,0.06
9/25/2020,92.557182,9201.00 ,1050,1.47,0.06
9/28/2020,95.018692,9201.00 ,1050,1.47,0.06
9/29/2020,93.989861,9201.00 ,1050,1.47,0.06
9/30/2020,96.393684,9201.00 ,1050,1.47,0.06
10/1/2020,97.432144,9741.00 ,1415,1.5,0.06
10/2/2020,97.701378,9741.00 ,1415,1.5,0.06
10/5/2020,99.893677,9741.00 ,1415,1.5,0.06
10/6/2020,97.845619,9741.00 ,1415,1.5,0.06
10/7/2020,99.40329,9741.00 ,1415,1.5,0.06
10/8/2020,102.406151,9741.00 ,1415,1.5,0.06
10/9/2020,102.676498,9741.00 ,1415,1.5,0.06
10/12/2020,102.937202,9741.00 ,1415,1.5,0.06
10/13/2020,101.392319,9741.00 ,1415,1.5,0.06
10/14/2020,101.199203,9741.00 ,1415,1.5,0.06
10/15/2020,100.832314,9741.00 ,1415,1.5,0.06
10/16/2020,101.295761,9741.00 ,1415,1.5,0.06
10/19/2020,98.939835,9741.00 ,1415,1.5,0.06
10/20/2020,99.586731,9741.00 ,1415,1.5,0.06
10/21/2020,97.935661,9741.00 ,1415,1.5,0.06
10/22/2020,101.179909,9741.00 ,1415,1.5,0.06
10/23/2020,97.501152,9741.00 ,1415,1.5,0.06
10/26/2020,93.542404,9741.00 ,1415,1.5,0.06
10/27/2020,91.659584,9741.00 ,1415,1.5,0.06
10/28/2020,88.444305,9741.00 ,1415,1.5,0.06
10/29/2020,87.932571,9741.00 ,1415,1.5,0.06
10/30/2020,88.096703,9741.00 ,1415,1.5,0.06
11/2/2020,90.182304,9741.00 ,1415,1.5,0.06
11/3/2020,92.972733,9741.00 ,1415,1.5,0.06
11/4/2020,93.078934,9741.00 ,1415,1.5,0.06
11/5/2020,94.730026,9741.00 ,1415,1.5,0.06
11/6/2020,93.358955,9741.00 ,1415,1.5,0.06
11/9/2020,113.326515,9741.00 ,1415,1.5,0.06
11/10/2020,111.955429,9741.00 ,1415,1.5,0.06
11/11/2020,107.291824,9741.00 ,1415,1.5,0.06
11/12/2020,107.272522,9741.00 ,1415,1.5,0.06
11/13/2020,111.028496,9741.00 ,1415,1.5,0.06
11/16/2020,114.581726,9741.00 ,1415,1.5,0.06
11/17/2020,112.467178,9741.00 ,1415,1.5,0.06
11/18/2020,110.304337,9741.00 ,1415,1.5,0.06
11/19/2020,110.207787,9741.00 ,1415,1.5,0.06
11/20/2020,108.70153,9741.00 ,1415,1.5,0.06
11/23/2020,112.090599,9741.00 ,1415,1.5,0.06
11/24/2020,116.24247,9741.00 ,1415,1.5,0.06
11/25/2020,116.425926,9741.00 ,1415,1.5,0.06
11/27/2020,116.43557,9741.00 ,1415,1.5,0.06
11/30/2020,114.504471,9741.00 ,1415,1.5,0.06
12/1/2020,115.798309,9741.00 ,1415,1.5,0.06
12/2/2020,118.115639,9741.00 ,1415,1.5,0.06
12/3/2020,118.878426,9741.00 ,1415,1.5,0.06
12/4/2020,120.732269,9741.00 ,1415,1.5,0.06
12/7/2020,119.670174,9741.00 ,1415,1.5,0.06
12/8/2020,119.264641,9741.00 ,1415,1.5,0.06
12/9/2020,117.497696,9741.00 ,1415,1.5,0.06
12/10/2020,117.642502,9741.00 ,1415,1.5,0.06
12/11/2020,116.087997,9741.00 ,1415,1.5,0.06
12/14/2020,113.316864,9741.00 ,1415,1.5,0.06
12/15/2020,114.99691,9741.00 ,1415,1.5,0.06
12/16/2020,114.90036,9741.00 ,1415,1.5,0.06
12/17/2020,114.881042,9741.00 ,1415,1.5,0.06
12/18/2020,113.461685,9741.00 ,1415,1.5,0.06
12/21/2020,112.39959,9741.00 ,1415,1.5,0.06
12/22/2020,110.603661,9741.00 ,1415,1.5,0.06
12/23/2020,112.920967,9741.00 ,1415,1.5,0.06
12/24/2020,113.307198,9741.00 ,1415,1.5,0.06
12/28/2020,114.282402,9741.00 ,1415,1.5,0.06
12/29/2020,114.069984,9741.00 ,1415,1.5,0.06
12/30/2020,115.315544,9741.00 ,1415,1.5,0.06
12/31/2020,116.74456,9741.00 ,1415,1.5,0.06
1/4/2021,113.973427,9426.00 ,2206,1.51,0.1
1/5/2021,114.581726,9426.00 ,2206,1.51,0.1
1/6/2021,118.82048,9426.00 ,2206,1.51,0.1
1/7/2021,117.880615,9426.00 ,2206,1.51,0.1
1/8/2021,117.996902,9426.00 ,2206,1.51,0.1
1/11/2021,117.29924,9426.00 ,2206,1.51,0.1
1/12/2021,117.841858,9426.00 ,2206,1.51,0.1
1/13/2021,118.597618,9426.00 ,2206,1.51,0.1
1/14/2021,119.934753,9426.00 ,2206,1.51,0.1
1/15/2021,118.3554,9426.00 ,2206,1.51,0.1
1/19/2021,122.8125,9426.00 ,2206,1.51,0.1
1/20/2021,124.934456,9426.00 ,2206,1.51,0.1
1/21/2021,123.471367,9426.00 ,2206,1.51,0.1
1/22/2021,122.221443,9426.00 ,2206,1.51,0.1
1/25/2021,117.386452,9426.00 ,2206,1.51,0.1
1/26/2021,112.541779,9426.00 ,2206,1.51,0.1
1/27/2021,110.545776,9426.00 ,2206,1.51,0.1
1/28/2021,115.274178,9426.00 ,2206,1.51,0.1
1/29/2021,112.648376,9426.00 ,2206,1.51,0.1
2/1/2021,113.39444,9426.00 ,2206,1.51,0.1
2/2/2021,116.950439,9426.00 ,2206,1.51,0.1
2/3/2021,116.698524,9426.00 ,2206,1.51,0.1
2/4/2021,121.019966,9426.00 ,2206,1.51,0.1
2/5/2021,122.357101,9426.00 ,2206,1.51,0.1
2/8/2021,124.013969,9426.00 ,2206,1.51,0.1
2/9/2021,122.744667,9426.00 ,2206,1.51,0.1
2/10/2021,124.246506,9426.00 ,2206,1.51,0.1
2/11/2021,124.324043,9426.00 ,2206,1.51,0.1
2/12/2021,125.593338,9426.00 ,2206,1.51,0.1
2/16/2021,126.620384,9426.00 ,2206,1.51,0.1
2/17/2021,124.566261,9426.00 ,2206,1.51,0.1
2/18/2021,124.498444,9426.00 ,2206,1.51,0.1
2/19/2021,127.618408,9426.00 ,2206,1.51,0.1
2/22/2021,131.7267,9426.00 ,2206,1.51,0.1
2/23/2021,132.685944,9426.00 ,2206,1.51,0.1
2/24/2021,135.544281,9426.00 ,2206,1.51,0.1
2/25/2021,132.821579,9426.00 ,2206,1.51,0.1
2/26/2021,131.058136,9426.00 ,2206,1.51,0.1
3/1/2021,134.40097,9426.00 ,2206,1.51,0.1
3/2/2021,134.924194,9426.00 ,2206,1.51,0.1
3/3/2021,138.160416,9426.00 ,2206,1.51,0.1
3/4/2021,138.247635,9426.00 ,2206,1.51,0.1
3/5/2021,142.753174,9426.00 ,2206,1.51,0.1
3/8/2021,145.601837,9426.00 ,2206,1.51,0.1
3/9/2021,140.592438,9426.00 ,2206,1.51,0.1
3/10/2021,142.191193,9426.00 ,2206,1.51,0.1
3/11/2021,143.160156,9426.00 ,2206,1.51,0.1
3/12/2021,143.925568,9426.00 ,2206,1.51,0.1
3/15/2021,142.423737,9426.00 ,2206,1.51,0.1
3/16/2021,138.848358,9426.00 ,2206,1.51,0.1
3/17/2021,140.185486,9426.00 ,2206,1.51,0.1
3/18/2021,138.150757,9426.00 ,2206,1.51,0.1
3/19/2021,136.338852,9426.00 ,2206,1.51,0.1
3/22/2021,135.602432,9426.00 ,2206,1.51,0.1
3/23/2021,131.852646,9426.00 ,2206,1.51,0.1
3/24/2021,134.119965,9426.00 ,2206,1.51,0.1
3/25/2021,137.860062,9426.00 ,2206,1.51,0.1
3/26/2021,139.26503,9426.00 ,2206,1.51,0.1
3/29/2021,137.947266,9426.00 ,2206,1.51,0.1
3/30/2021,139.032455,9426.00 ,2206,1.51,0.1
3/31/2021,137.458054,9426.00 ,2206,1.51,0.1
4/1/2021,140.499969,10565.00 ,2249,1.58,0.14
4/5/2021,141.947998,10565.00 ,2249,1.58,0.14
4/6/2021,142.035477,10565.00 ,2249,1.58,0.14
4/7/2021,142.987885,10565.00 ,2249,1.58,0.14
4/8/2021,142.900406,10565.00 ,2249,1.58,0.14
4/9/2021,143.619553,10565.00 ,2249,1.58,0.14
4/12/2021,143.415482,10565.00 ,2249,1.58,0.14
4/13/2021,141.879974,10565.00 ,2249,1.58,0.14
4/14/2021,143.26973,10565.00 ,2249,1.58,0.14
4/15/2021,144.34848,10565.00 ,2249,1.58,0.14
4/16/2021,145.76738,10565.00 ,2249,1.58,0.14
4/19/2021,144.358185,10565.00 ,2249,1.58,0.14
4/20/2021,141.015015,10565.00 ,2249,1.58,0.14
4/21/2021,143.036469,10565.00 ,2249,1.58,0.14
4/22/2021,143.017044,10565.00 ,2249,1.58,0.14
4/23/2021,140.266708,10565.00 ,2249,1.58,0.14
4/26/2021,146.107498,10565.00 ,2249,1.58,0.14
4/27/2021,146.126968,10565.00 ,2249,1.58,0.14
4/28/2021,148.245575,10565.00 ,2249,1.58,0.14
4/29/2021,150.276749,10565.00 ,2249,1.58,0.14
4/30/2021,149.032791,10565.00 ,2249,1.58,0.14
5/3/2021,150.441971,10565.00 ,2249,1.58,0.14
5/4/2021,150.17955,10565.00 ,2249,1.58,0.14
5/5/2021,151.987198,10565.00 ,2249,1.58,0.14
5/6/2021,152.463394,10565.00 ,2249,1.58,0.14
5/7/2021,154.504272,10565.00 ,2249,1.58,0.14
5/10/2021,154.212708,10565.00 ,2249,1.58,0.14
5/11/2021,150.082352,10565.00 ,2249,1.58,0.14
5/12/2021,148.01236,10565.00 ,2249,1.58,0.14
5/13/2021,149.742218,10565.00 ,2249,1.58,0.14
5/14/2021,152.7258,10565.00 ,2249,1.58,0.14
5/17/2021,152.44397,10565.00 ,2249,1.58,0.14
5/18/2021,150.626633,10565.00 ,2249,1.58,0.14
5/19/2021,150.373917,10565.00 ,2249,1.58,0.14
5/20/2021,151.151382,10565.00 ,2249,1.58,0.14
5/21/2021,152.453674,10565.00 ,2249,1.58,0.14
5/24/2021,154.173859,10565.00 ,2249,1.58,0.14
5/25/2021,153.561584,10565.00 ,2249,1.58,0.14
5/26/2021,154.11554,10565.00 ,2249,1.58,0.14
5/27/2021,155.242889,10565.00 ,2249,1.58,0.14
5/28/2021,155.621887,10565.00 ,2249,1.58,0.14
6/1/2021,159.149719,10565.00 ,2249,1.58,0.14
6/2/2021,159.499573,10565.00 ,2249,1.58,0.14
6/3/2021,159.888321,10565.00 ,2249,1.58,0.14
6/4/2021,160.354813,10565.00 ,2249,1.58,0.14
6/7/2021,161.248871,10565.00 ,2249,1.58,0.14
6/8/2021,161.822266,10565.00 ,2249,1.58,0.14
6/9/2021,159.470413,10565.00 ,2249,1.58,0.14
6/10/2021,157.662766,10565.00 ,2249,1.58,0.14
6/11/2021,159.878571,10565.00 ,2249,1.58,0.14
6/14/2021,159.198318,10565.00 ,2249,1.58,0.14
6/15/2021,161.589035,10565.00 ,2249,1.58,0.14
6/16/2021,160.043808,10565.00 ,2249,1.58,0.14
6/17/2021,157.565598,10565.00 ,2249,1.58,0.14
6/18/2021,153.717087,10565.00 ,2249,1.58,0.14
6/21/2021,160.257614,10565.00 ,2249,1.58,0.14
6/22/2021,159.868881,10565.00 ,2249,1.58,0.14
6/23/2021,161.346085,10565.00 ,2249,1.58,0.14
6/24/2021,163.474426,10565.00 ,2249,1.58,0.14
6/25/2021,164.679489,10565.00 ,2249,1.58,0.14
6/28/2021,160.140976,10565.00 ,2249,1.58,0.14
6/29/2021,159.625916,10565.00 ,2249,1.58,0.14
6/30/2021,160.578308,10565.00 ,2249,1.58,0.14
7/1/2021,162.663498,11235.00 ,1783,1.59,0.16
7/2/2021,164.183548,11235.00 ,1783,1.59,0.16
7/6/2021,165.216385,11235.00 ,1783,1.59,0.16
7/7/2021,166.600006,11235.00 ,1783,1.59,0.16
7/8/2021,163.209152,11235.00 ,1783,1.59,0.16
7/9/2021,167.535416,11235.00 ,1783,1.59,0.16
7/12/2021,169.152893,11235.00 ,1783,1.59,0.16
7/13/2021,168.197968,11235.00 ,1783,1.59,0.16
7/14/2021,168.100571,11235.00 ,1783,1.59,0.16
7/15/2021,168.422104,11235.00 ,1783,1.59,0.16
7/16/2021,165.654861,11235.00 ,1783,1.59,0.16
7/19/2021,158.639313,11235.00 ,1783,1.59,0.16
7/20/2021,164.544052,11235.00 ,1783,1.59,0.16
7/21/2021,168.090805,11235.00 ,1783,1.59,0.16
7/22/2021,166.522049,11235.00 ,1783,1.59,0.16
7/23/2021,168.743637,11235.00 ,1783,1.59,0.16
7/26/2021,168.188232,11235.00 ,1783,1.59,0.16
7/27/2021,168.509796,11235.00 ,1783,1.59,0.16
7/28/2021,165.664612,11235.00 ,1783,1.59,0.16
7/29/2021,167.545166,11235.00 ,1783,1.59,0.16
7/30/2021,166.16153,11235.00 ,1783,1.59,0.16
8/2/2021,164.933807,11235.00 ,1783,1.59,0.16
8/3/2021,164.709702,11235.00 ,1783,1.59,0.16
8/4/2021,163.754807,11235.00 ,1783,1.59,0.16
8/5/2021,165.284592,11235.00 ,1783,1.59,0.16
8/6/2021,166.970276,11235.00 ,1783,1.59,0.16
8/9/2021,166.405121,11235.00 ,1783,1.59,0.16
8/10/2021,165.148209,11235.00 ,1783,1.59,0.16
8/11/2021,166.297943,11235.00 ,1783,1.59,0.16
8/12/2021,164.203033,11235.00 ,1783,1.59,0.16
8/13/2021,161.825531,11235.00 ,1783,1.59,0.16
8/16/2021,161.503998,11235.00 ,1783,1.59,0.16
8/17/2021,160.432159,11235.00 ,1783,1.59,0.16
8/18/2021,157.97673,11235.00 ,1783,1.59,0.16
8/19/2021,154.9561,11235.00 ,1783,1.59,0.16
8/20/2021,155.657684,11235.00 ,1783,1.59,0.16
8/23/2021,156.339737,11235.00 ,1783,1.59,0.16
8/24/2021,157.070557,11235.00 ,1783,1.59,0.16
8/25/2021,161.922958,11235.00 ,1783,1.59,0.16
8/26/2021,161.270111,11235.00 ,1783,1.59,0.16
8/27/2021,164.329712,11235.00 ,1783,1.59,0.16
8/30/2021,160.05217,11235.00 ,1783,1.59,0.16
8/31/2021,161.708618,11235.00 ,1783,1.59,0.16
9/1/2021,160.22757,11235.00 ,1783,1.59,0.16
9/2/2021,157.898773,11235.00 ,1783,1.59,0.16
9/3/2021,155.219223,11235.00 ,1783,1.59,0.16
9/7/2021,155.628464,11235.00 ,1783,1.59,0.16
9/8/2021,154.858688,11235.00 ,1783,1.59,0.16
9/9/2021,155.306931,11235.00 ,1783,1.59,0.16
9/10/2021,154.654068,11235.00 ,1783,1.59,0.16
9/13/2021,157.314133,11235.00 ,1783,1.59,0.16
9/14/2021,155.394608,11235.00 ,1783,1.59,0.16
9/15/2021,157.206955,11235.00 ,1783,1.59,0.16
9/16/2021,158.463913,11235.00 ,1783,1.59,0.16
9/17/2021,159.720856,11235.00 ,1783,1.59,0.16
9/20/2021,156.456711,11235.00 ,1783,1.59,0.16
9/21/2021,159.08754,11235.00 ,1783,1.59,0.16
9/22/2021,163.199432,11235.00 ,1783,1.59,0.16
9/23/2021,168.919052,11235.00 ,1783,1.59,0.16
9/24/2021,171.218582,11235.00 ,1783,1.59,0.16
9/27/2021,172.241684,11235.00 ,1783,1.59,0.16
9/28/2021,168.704666,11235.00 ,1783,1.59,0.16
9/29/2021,167.145645,11235.00 ,1783,1.59,0.16
9/30/2021,163.238403,11235.00 ,1783,1.59,0.16
10/1/2021,169.484192,12437.00 ,1679,1.68,0.17
10/4/2021,168.236969,12437.00 ,1679,1.68,0.17
10/5/2021,170.283188,12437.00 ,1679,1.68,0.17
10/6/2021,168.958008,12437.00 ,1679,1.68,0.17
10/7/2021,170.247421,12437.00 ,1679,1.68,0.17
10/8/2021,171.087433,12437.00 ,1679,1.68,0.17
10/11/2021,169.43663,12437.00 ,1679,1.68,0.17
10/12/2021,170.853043,12437.00 ,1679,1.68,0.17
10/13/2021,164.806595,12437.00 ,1679,1.68,0.17
10/14/2021,167.531876,12437.00 ,1679,1.68,0.17
10/15/2021,171.732147,12437.00 ,1679,1.68,0.17
10/18/2021,172.718704,12437.00 ,1679,1.68,0.17
10/19/2021,173.197342,12437.00 ,1679,1.68,0.17
10/20/2021,175.434204,12437.00 ,1679,1.68,0.17
10/21/2021,173.353638,12437.00 ,1679,1.68,0.17
10/22/2021,182.740738,12437.00 ,1679,1.68,0.17
10/25/2021,178.081375,12437.00 ,1679,1.68,0.17
10/26/2021,176.75293,12437.00 ,1679,1.68,0.17
10/27/2021,173.90065,12437.00 ,1679,1.68,0.17
10/28/2021,170.559967,12437.00 ,1679,1.68,0.17
10/29/2021,169.749222,12437.00 ,1679,1.68,0.17
11/1/2021,170.16925,12437.00 ,1679,1.68,0.17
11/2/2021,169.153366,12437.00 ,1679,1.68,0.17
11/3/2021,168.606354,12437.00 ,1679,1.68,0.17
11/4/2021,168.528214,12437.00 ,1679,1.68,0.17
11/5/2021,172.591721,12437.00 ,1679,1.68,0.17
11/8/2021,175.873795,12437.00 ,1679,1.68,0.17
11/9/2021,175.688202,12437.00 ,1679,1.68,0.17
11/10/2021,177.182693,12437.00 ,1679,1.68,0.17
11/11/2021,177.094803,12437.00 ,1679,1.68,0.17
11/12/2021,177.671112,12437.00 ,1679,1.68,0.17
11/15/2021,178.88237,12437.00 ,1679,1.68,0.17
11/16/2021,176.723633,12437.00 ,1679,1.68,0.17
11/17/2021,175.444016,12437.00 ,1679,1.68,0.17
11/18/2021,172.122879,12437.00 ,1679,1.68,0.17
11/19/2021,169.514786,12437.00 ,1679,1.68,0.17
11/22/2021,166.936005,12437.00 ,1679,1.68,0.17
11/23/2021,166.887192,12437.00 ,1679,1.68,0.17
11/24/2021,167.629562,12437.00 ,1679,1.68,0.17
11/26/2021,153.182602,12437.00 ,1679,1.68,0.17
11/29/2021,154.198456,12437.00 ,1679,1.68,0.17
11/30/2021,148.767441,12437.00 ,1679,1.68,0.17
12/1/2021,146.579391,12437.00 ,1679,1.68,0.17
12/2/2021,153.133789,12437.00 ,1679,1.68,0.17
12/3/2021,152.323013,12437.00 ,1679,1.68,0.17
12/6/2021,156.953079,12437.00 ,1679,1.68,0.17
12/7/2021,163.077637,12437.00 ,1679,1.68,0.17
12/8/2021,165.011703,12437.00 ,1679,1.68,0.17
12/9/2021,164.122833,12437.00 ,1679,1.68,0.17
12/10/2021,163.155792,12437.00 ,1679,1.68,0.17
12/13/2021,159.512314,12437.00 ,1679,1.68,0.17
12/14/2021,159.072754,12437.00 ,1679,1.68,0.17
12/15/2021,158.476913,12437.00 ,1679,1.68,0.17
12/16/2021,159.219269,12437.00 ,1679,1.68,0.17
12/17/2021,156.29863,12437.00 ,1679,1.68,0.17
12/20/2021,152.27417,12437.00 ,1679,1.68,0.17
12/21/2021,157.17775,12437.00 ,1679,1.68,0.17
12/22/2021,158.701538,12437.00 ,1679,1.68,0.17
12/23/2021,160.381668,12437.00 ,1679,1.68,0.17
12/27/2021,160.577011,12437.00 ,1679,1.68,0.17
12/28/2021,160.596558,12437.00 ,1679,1.68,0.17
12/29/2021,160.030014,12437.00 ,1679,1.68,0.17
12/30/2021,160.352341,12437.00 ,1679,1.68,0.17
12/31/2021,159.805374,12437.00 ,1679,1.68,0.17
1/3/2022,164.308411,12056.00 ,2069,1.63,0.17
1/4/2022,169.583176,12056.00 ,2069,1.63,0.17
1/5/2022,167.776093,12056.00 ,2069,1.63,0.17
1/6/2022,169.313507,12056.00 ,2069,1.63,0.17
1/7/2022,170.762848,12056.00 ,2069,1.63,0.17
1/10/2022,170.136108,12056.00 ,2069,1.63,0.17
1/11/2022,171.742065,12056.00 ,2069,1.63,0.17
1/12/2022,170.850952,12056.00 ,2069,1.63,0.17
1/13/2022,169.695419,12056.00 ,2069,1.63,0.17
1/14/2022,164.90686,12056.00 ,2069,1.63,0.17
1/18/2022,162.723114,12056.00 ,2069,1.63,0.17
1/19/2022,158.042267,12056.00 ,2069,1.63,0.17
1/20/2022,157.582031,12056.00 ,2069,1.63,0.17
1/21/2022,155.447235,12056.00 ,2069,1.63,0.17
1/24/2022,155.63327,12056.00 ,2069,1.63,0.17
1/25/2022,169.51915,12056.00 ,2069,1.63,0.17
1/26/2022,171.683319,12056.00 ,2069,1.63,0.17
1/27/2022,168.334259,12056.00 ,2069,1.63,0.17
1/28/2022,173.387222,12056.00 ,2069,1.63,0.17
1/31/2022,176.089981,12056.00 ,2069,1.63,0.17
2/1/2022,179.732803,12056.00 ,2069,1.63,0.17
2/2/2022,180.339966,12056.00 ,2069,1.63,0.17
2/3/2022,180.222427,12056.00 ,2069,1.63,0.17
2/4/2022,181.994904,12056.00 ,2069,1.63,0.17
2/7/2022,183.972977,12056.00 ,2069,1.63,0.17
2/8/2022,189.97583,12056.00 ,2069,1.63,0.17
2/9/2022,192.32605,12056.00 ,2069,1.63,0.17
2/10/2022,191.454498,12056.00 ,2069,1.63,0.17
2/11/2022,187.831253,12056.00 ,2069,1.63,0.17
2/14/2022,188.360062,12056.00 ,2069,1.63,0.17
2/15/2022,193.873276,12056.00 ,2069,1.63,0.17
2/16/2022,194.264984,12056.00 ,2069,1.63,0.17
2/17/2022,191.650375,12056.00 ,2069,1.63,0.17
2/18/2022,190.837585,12056.00 ,2069,1.63,0.17
2/22/2022,188.448196,12056.00 ,2069,1.63,0.17
2/23/2022,185.030594,12056.00 ,2069,1.63,0.17
2/24/2022,184.443039,12056.00 ,2069,1.63,0.17
2/25/2022,189.691864,12056.00 ,2069,1.63,0.17
2/28/2022,190.504608,12056.00 ,2069,1.63,0.17
3/1/2022,174.36647,12056.00 ,2069,1.63,0.17
3/2/2022,176.569809,12056.00 ,2069,1.63,0.17
3/3/2022,176.158524,12056.00 ,2069,1.63,0.17
3/4/2022,169.362473,12056.00 ,2069,1.63,0.17
3/7/2022,155.829163,12056.00 ,2069,1.63,0.17
3/8/2022,156.730057,12056.00 ,2069,1.63,0.17
3/9/2022,165.151672,12056.00 ,2069,1.63,0.17
3/10/2022,166.08197,12056.00 ,2069,1.63,0.17
3/11/2022,164.417221,12056.00 ,2069,1.63,0.17
3/14/2022,169.20578,12056.00 ,2069,1.63,0.17
3/15/2022,172.388367,12056.00 ,2069,1.63,0.17
3/16/2022,176.863586,12056.00 ,2069,1.63,0.17
3/17/2022,183.091675,12056.00 ,2069,1.63,0.17
3/18/2022,186.763885,12056.00 ,2069,1.63,0.17
3/21/2022,185.167679,12056.00 ,2069,1.63,0.17
3/22/2022,187.361237,12056.00 ,2069,1.63,0.17
3/23/2022,182.161377,12056.00 ,2069,1.63,0.17
3/24/2022,184.971832,12056.00 ,2069,1.63,0.17
3/25/2022,186.332993,12056.00 ,2069,1.63,0.17
3/28/2022,185.76503,12056.00 ,2069,1.63,0.17
3/29/2022,186.979309,12056.00 ,2069,1.63,0.17
3/30/2022,185.823776,12056.00 ,2069,1.63,0.17
3/31/2022,183.121033,12056.00 ,2069,1.63,0.17
4/1/2022,183.287491,13834.00 ,1934,1.63,0.16
4/4/2022,183.767334,13834.00 ,1934,1.63,0.16
4/5/2022,181.55423,13834.00 ,1934,1.63,0.16
4/6/2022,179.899277,13834.00 ,1934,1.63,0.16
4/7/2022,179.113663,13834.00 ,1934,1.63,0.16
4/8/2022,180.400116,13834.00 ,1934,1.63,0.16
4/11/2022,174.380264,13834.00 ,1934,1.63,0.16
4/12/2022,172.386703,13834.00 ,1934,1.63,0.16
4/13/2022,176.363937,13834.00 ,1934,1.63,0.16
4/14/2022,177.905762,13834.00 ,1934,1.63,0.16
4/18/2022,181.166107,13834.00 ,1934,1.63,0.16
4/19/2022,183.807785,13834.00 ,1934,1.63,0.16
4/20/2022,185.074631,13834.00 ,1934,1.63,0.16
4/21/2022,182.403473,13834.00 ,1934,1.63,0.16
4/22/2022,177.296875,13834.00 ,1934,1.63,0.16
4/25/2022,180.792938,13834.00 ,1934,1.63,0.16
4/26/2022,175.440842,13834.00 ,1934,1.63,0.16
4/27/2022,174.439163,13834.00 ,1934,1.63,0.16
4/28/2022,178.711014,13834.00 ,1934,1.63,0.16
4/29/2022,171.571625,13834.00 ,1934,1.63,0.16
5/2/2022,168.537109,13834.00 ,1934,1.63,0.16
5/3/2022,169.018311,13834.00 ,1934,1.63,0.16
5/4/2022,174.625748,13834.00 ,1934,1.63,0.16
5/5/2022,167.938049,13834.00 ,1934,1.63,0.16
5/6/2022,164.1474,13834.00 ,1934,1.63,0.16
5/9/2022,158.127533,13834.00 ,1934,1.63,0.16
5/10/2022,158.922989,13834.00 ,1934,1.63,0.16
5/11/2022,156.526794,13834.00 ,1934,1.63,0.16
5/12/2022,150.516769,13834.00 ,1934,1.63,0.16
5/13/2022,155.898315,13834.00 ,1934,1.63,0.16
5/16/2022,153.61998,13834.00 ,1934,1.63,0.16
5/17/2022,158.942627,13834.00 ,1934,1.63,0.16
5/18/2022,153.295914,13834.00 ,1934,1.63,0.16
5/19/2022,151.233643,13834.00 ,1934,1.63,0.16
5/20/2022,150.487289,13834.00 ,1934,1.63,0.16
5/23/2022,156.183105,13834.00 ,1934,1.63,0.16
5/24/2022,152.834351,13834.00 ,1934,1.63,0.16
5/25/2022,157.626694,13834.00 ,1934,1.63,0.16
5/26/2022,162.399384,13834.00 ,1934,1.63,0.16
5/27/2022,166.553421,13834.00 ,1934,1.63,0.16
5/31/2022,165.787415,13834.00 ,1934,1.63,0.16
6/1/2022,162.782379,13834.00 ,1934,1.63,0.16
6/2/2022,166.101654,13834.00 ,1934,1.63,0.16
6/3/2022,163.83316,13834.00 ,1934,1.63,0.16
6/6/2022,164.01976,13834.00 ,1934,1.63,0.16
6/7/2022,165.659775,13834.00 ,1934,1.63,0.16
6/8/2022,162.978806,13834.00 ,1934,1.63,0.16
6/9/2022,158.088242,13834.00 ,1934,1.63,0.16
6/10/2022,151.646088,13834.00 ,1934,1.63,0.16
6/13/2022,143.66214,13834.00 ,1934,1.63,0.16
6/14/2022,142.002502,13834.00 ,1934,1.63,0.16
6/15/2022,143.593384,13834.00 ,1934,1.63,0.16
6/16/2022,135.030045,13834.00 ,1934,1.63,0.16
6/17/2022,141.590042,13834.00 ,1934,1.63,0.16
6/21/2022,142.159607,13834.00 ,1934,1.63,0.16
6/22/2022,141.79628,13834.00 ,1934,1.63,0.16
6/23/2022,139.105484,13834.00 ,1934,1.63,0.16
6/24/2022,143.524628,13834.00 ,1934,1.63,0.16
6/27/2022,141.698059,13834.00 ,1934,1.63,0.16
6/28/2022,139.635773,13834.00 ,1934,1.63,0.16
6/29/2022,136.964645,13834.00 ,1934,1.63,0.16
6/30/2022,136.639359,13834.00 ,1934,1.63,0.16
7/1/2022,138.393906,14352.00 ,1851,1.61,0.16
7/5/2022,137.654617,14352.00 ,1851,1.61,0.16
7/6/2022,136.176071,14352.00 ,1851,1.61,0.16
7/7/2022,139.014908,14352.00 ,1851,1.61,0.16
7/8/2022,139.734482,14352.00 ,1851,1.61,0.16
7/11/2022,138.57135,14352.00 ,1851,1.61,0.16
7/12/2022,137.191345,14352.00 ,1851,1.61,0.16
7/13/2022,137.408188,14352.00 ,1851,1.61,0.16
7/14/2022,134.529938,14352.00 ,1851,1.61,0.16
7/15/2022,140.444214,14352.00 ,1851,1.61,0.16
7/18/2022,140.296341,14352.00 ,1851,1.61,0.16
7/19/2022,145.668472,14352.00 ,1851,1.61,0.16
7/20/2022,146.802032,14352.00 ,1851,1.61,0.16
7/21/2022,148.034195,14352.00 ,1851,1.61,0.16
7/22/2022,150.82373,14352.00 ,1851,1.61,0.16
7/25/2022,151.59259,14352.00 ,1851,1.61,0.16
7/26/2022,147.689194,14352.00 ,1851,1.61,0.16
7/27/2022,149.463455,14352.00 ,1851,1.61,0.16
7/28/2022,149.966187,14352.00 ,1851,1.61,0.16
7/29/2022,151.819336,14352.00 ,1851,1.61,0.16
8/1/2022,151.139175,14352.00 ,1851,1.61,0.16
8/2/2022,149.433914,14352.00 ,1851,1.61,0.16
8/3/2022,153.209167,14352.00 ,1851,1.61,0.16
8/4/2022,154.628586,14352.00 ,1851,1.61,0.16
8/5/2022,155.25943,14352.00 ,1851,1.61,0.16
8/8/2022,155.032745,14352.00 ,1851,1.61,0.16
8/9/2022,156.531021,14352.00 ,1851,1.61,0.16
8/10/2022,160.119003,14352.00 ,1851,1.61,0.16
8/11/2022,160.661148,14352.00 ,1851,1.61,0.16
8/12/2022,163.470428,14352.00 ,1851,1.61,0.16
8/15/2022,163.036728,14352.00 ,1851,1.61,0.16
8/16/2022,162.987442,14352.00 ,1851,1.61,0.16
8/17/2022,161.558151,14352.00 ,1851,1.61,0.16
8/18/2022,162.297424,14352.00 ,1851,1.61,0.16
8/19/2022,159.921875,14352.00 ,1851,1.61,0.16
8/22/2022,155.446747,14352.00 ,1851,1.61,0.16
8/23/2022,155.082047,14352.00 ,1851,1.61,0.16
8/24/2022,156.856308,14352.00 ,1851,1.61,0.16
8/25/2022,159.912003,14352.00 ,1851,1.61,0.16
8/26/2022,155.062302,14352.00 ,1851,1.61,0.16
8/29/2022,152.331879,14352.00 ,1851,1.61,0.16
8/30/2022,152.450165,14352.00 ,1851,1.61,0.16
8/31/2022,149.828186,14352.00 ,1851,1.61,0.16
9/1/2022,148.950882,14352.00 ,1851,1.61,0.16
9/2/2022,147.64975,14352.00 ,1851,1.61,0.16
9/6/2022,146.476761,14352.00 ,1851,1.61,0.16
9/7/2022,150.074615,14352.00 ,1851,1.61,0.16
9/8/2022,151.326477,14352.00 ,1851,1.61,0.16
9/9/2022,156.176163,14352.00 ,1851,1.61,0.16
9/12/2022,160.12886,14352.00 ,1851,1.61,0.16
9/13/2022,153.13031,14352.00 ,1851,1.61,0.16
9/14/2022,154.066727,14352.00 ,1851,1.61,0.16
9/15/2022,153.89917,14352.00 ,1851,1.61,0.16
9/16/2022,150.892746,14352.00 ,1851,1.61,0.16
9/19/2022,153.140182,14352.00 ,1851,1.61,0.16
9/20/2022,151.287033,14352.00 ,1851,1.61,0.16
9/21/2022,146.585205,14352.00 ,1851,1.61,0.16
9/22/2022,140.986359,14352.00 ,1851,1.61,0.16
9/23/2022,138.25592,14352.00 ,1851,1.61,0.16
9/26/2022,135.486069,14352.00 ,1851,1.61,0.16
9/27/2022,135.525497,14352.00 ,1851,1.61,0.16
9/28/2022,138.551636,14352.00 ,1851,1.61,0.16
9/29/2022,135.821213,14352.00 ,1851,1.61,0.16
9/30/2022,132.982376,14352.00 ,1851,1.61,0.16
10/3/2022,138.019379,15383.00 ,1546,1.62,0.15
10/4/2022,143.381622,15383.00 ,1546,1.62,0.15
10/5/2022,142.307205,15383.00 ,1546,1.62,0.15
10/6/2022,140.345642,15383.00 ,1546,1.62,0.15
10/7/2022,137.013931,15383.00 ,1546,1.62,0.15
10/10/2022,135.545212,15383.00 ,1546,1.62,0.15
10/11/2022,135.387497,15383.00 ,1546,1.62,0.15
10/12/2022,134.786224,15383.00 ,1546,1.62,0.15
10/13/2022,140.06012,15383.00 ,1546,1.62,0.15
10/14/2022,135.369995,15383.00 ,1546,1.62,0.15
10/17/2022,140.050217,15383.00 ,1546,1.62,0.15
10/18/2022,144.453384,15383.00 ,1546,1.62,0.15
10/19/2022,142.454651,15383.00 ,1546,1.62,0.15
10/20/2022,140.920959,15383.00 ,1546,1.62,0.15
10/21/2022,138.565994,15383.00 ,1546,1.62,0.15
10/24/2022,140.139282,15383.00 ,1546,1.62,0.15
10/25/2022,145.472565,15383.00 ,1546,1.62,0.15
10/26/2022,145.33403,15383.00 ,1546,1.62,0.15
10/27/2022,145.42308,15383.00 ,1546,1.62,0.15
10/28/2022,148.856552,15383.00 ,1546,1.62,0.15
10/31/2022,146.887482,15383.00 ,1546,1.62,0.15
11/1/2022,145.531906,15383.00 ,1546,1.62,0.15
11/2/2022,141.989594,15383.00 ,1546,1.62,0.15
11/3/2022,137.843674,15383.00 ,1546,1.62,0.15
11/4/2022,143.196747,15383.00 ,1546,1.62,0.15
11/7/2022,145.432953,15383.00 ,1546,1.62,0.15
11/8/2022,148.619064,15383.00 ,1546,1.62,0.15
11/9/2022,144.324738,15383.00 ,1546,1.62,0.15
11/10/2022,153.12117,15383.00 ,1546,1.62,0.15
11/11/2022,153.25972,15383.00 ,1546,1.62,0.15
11/14/2022,152.507706,15383.00 ,1546,1.62,0.15
11/15/2022,152.270233,15383.00 ,1546,1.62,0.15
11/16/2022,150.964142,15383.00 ,1546,1.62,0.15
11/17/2022,149.054443,15383.00 ,1546,1.62,0.15
11/18/2022,150.894867,15383.00 ,1546,1.62,0.15
11/21/2022,151.201599,15383.00 ,1546,1.62,0.15
11/22/2022,152.952972,15383.00 ,1546,1.62,0.15
11/23/2022,152.309799,15383.00 ,1546,1.62,0.15
11/25/2022,152.527496,15383.00 ,1546,1.62,0.15
11/28/2022,149.282013,15383.00 ,1546,1.62,0.15
11/29/2022,152.794647,15383.00 ,1546,1.62,0.15
11/30/2022,155.93129,15383.00 ,1546,1.62,0.15
12/1/2022,155.842239,15383.00 ,1546,1.62,0.15
12/2/2022,155.100143,15383.00 ,1546,1.62,0.15
12/5/2022,154.437195,15383.00 ,1546,1.62,0.15
12/6/2022,153.071701,15383.00 ,1546,1.62,0.15
12/7/2022,153.140991,15383.00 ,1546,1.62,0.15
12/8/2022,152.497818,15383.00 ,1546,1.62,0.15
12/9/2022,152.280121,15383.00 ,1546,1.62,0.15
12/12/2022,155.654236,15383.00 ,1546,1.62,0.15
12/13/2022,155.86203,15383.00 ,1546,1.62,0.15
12/14/2022,152.48793,15383.00 ,1546,1.62,0.15
12/15/2022,148.638855,15383.00 ,1546,1.62,0.15
12/16/2022,144.760117,15383.00 ,1546,1.62,0.15
12/19/2022,143.483688,15383.00 ,1546,1.62,0.15
12/20/2022,144.166428,15383.00 ,1546,1.62,0.15
12/21/2022,145.551712,15383.00 ,1546,1.62,0.15
12/22/2022,143.780548,15383.00 ,1546,1.62,0.15
12/23/2022,145.472565,15383.00 ,1546,1.62,0.15
12/27/2022,144.849182,15383.00 ,1546,1.62,0.15
12/28/2022,142.494217,15383.00 ,1546,1.62,0.15
12/29/2022,145.769379,15383.00 ,1546,1.62,0.15
12/30/2022,146.194855,15383.00 ,1546,1.62,0.15
