Date,Close price,Revenue,Net income,D/E Ratio,ROIC
1/3/2017,53.669998,1394.00 ,247.00 ,3,0.21
1/4/2017,54.325001,1394.00 ,247.00 ,3,0.21
1/5/2017,54.305,1394.00 ,247.00 ,3,0.21
1/6/2017,54.915001,1394.00 ,247.00 ,3,0.21
1/9/2017,54.049999,1394.00 ,247.00 ,3,0.21
1/10/2017,54.115002,1394.00 ,247.00 ,3,0.21
1/11/2017,54.27,1394.00 ,247.00 ,3,0.21
1/12/2017,54.709999,1394.00 ,247.00 ,3,0.21
1/13/2017,55.150002,1394.00 ,247.00 ,3,0.21
1/17/2017,55.220001,1394.00 ,247.00 ,3,0.21
1/18/2017,55.040001,1394.00 ,247.00 ,3,0.21
1/19/2017,54.674999,1394.00 ,247.00 ,3,0.21
1/20/2017,54.785,1394.00 ,247.00 ,3,0.21
1/23/2017,54.330002,1394.00 ,247.00 ,3,0.21
1/24/2017,54.259998,1394.00 ,247.00 ,3,0.21
1/25/2017,54.27,1394.00 ,247.00 ,3,0.21
1/26/2017,53.924999,1394.00 ,247.00 ,3,0.21
1/27/2017,54.049999,1394.00 ,247.00 ,3,0.21
1/30/2017,54.075001,1394.00 ,247.00 ,3,0.21
1/31/2017,53.715,1394.00 ,247.00 ,3,0.21
2/1/2017,52.689999,1394.00 ,247.00 ,3,0.21
2/2/2017,52.73,1394.00 ,247.00 ,3,0.21
2/3/2017,53.360001,1394.00 ,247.00 ,3,0.21
2/6/2017,53.424999,1394.00 ,247.00 ,3,0.21
2/7/2017,53.209999,1394.00 ,247.00 ,3,0.21
2/8/2017,53.889999,1394.00 ,247.00 ,3,0.21
2/9/2017,54.735001,1394.00 ,247.00 ,3,0.21
2/10/2017,54.535,1394.00 ,247.00 ,3,0.21
2/13/2017,55.049999,1394.00 ,247.00 ,3,0.21
2/14/2017,55.07,1394.00 ,247.00 ,3,0.21
2/15/2017,55.540001,1394.00 ,247.00 ,3,0.21
2/16/2017,55.625,1394.00 ,247.00 ,3,0.21
2/17/2017,55.990002,1394.00 ,247.00 ,3,0.21
2/21/2017,56.195,1394.00 ,247.00 ,3,0.21
2/22/2017,56.91,1394.00 ,247.00 ,3,0.21
2/23/2017,57.450001,1394.00 ,247.00 ,3,0.21
2/24/2017,58.150002,1394.00 ,247.00 ,3,0.21
2/27/2017,57.790001,1394.00 ,247.00 ,3,0.21
2/28/2017,57.700001,1394.00 ,247.00 ,3,0.21
3/1/2017,58.555,1394.00 ,247.00 ,3,0.21
3/2/2017,58.32,1394.00 ,247.00 ,3,0.21
3/3/2017,58.75,1394.00 ,247.00 ,3,0.21
3/6/2017,58.509998,1394.00 ,247.00 ,3,0.21
3/7/2017,58.474998,1394.00 ,247.00 ,3,0.21
3/8/2017,58.724998,1394.00 ,247.00 ,3,0.21
3/9/2017,58.724998,1394.00 ,247.00 ,3,0.21
3/10/2017,58.639999,1394.00 ,247.00 ,3,0.21
3/13/2017,58.945,1394.00 ,247.00 ,3,0.21
3/14/2017,58.685001,1394.00 ,247.00 ,3,0.21
3/15/2017,58.825001,1394.00 ,247.00 ,3,0.21
3/16/2017,58.630001,1394.00 ,247.00 ,3,0.21
3/17/2017,58.895,1394.00 ,247.00 ,3,0.21
3/20/2017,58.349998,1394.00 ,247.00 ,3,0.21
3/21/2017,58.080002,1394.00 ,247.00 ,3,0.21
3/22/2017,57.939999,1394.00 ,247.00 ,3,0.21
3/23/2017,57.924999,1394.00 ,247.00 ,3,0.21
3/24/2017,57.970001,1394.00 ,247.00 ,3,0.21
3/27/2017,57.744999,1394.00 ,247.00 ,3,0.21
3/28/2017,57.895,1394.00 ,247.00 ,3,0.21
3/29/2017,57.955002,1394.00 ,247.00 ,3,0.21
3/30/2017,57.965,1394.00 ,247.00 ,3,0.21
3/31/2017,57.654999,1394.00 ,247.00 ,3,0.21
4/3/2017,57.82,1386.00 ,221.00 ,3.05,0.21
4/4/2017,57.689999,1386.00 ,221.00 ,3.05,0.21
4/5/2017,57.785,1386.00 ,221.00 ,3.05,0.21
4/6/2017,57.830002,1386.00 ,221.00 ,3.05,0.21
4/7/2017,57.91,1386.00 ,221.00 ,3.05,0.21
4/10/2017,57.965,1386.00 ,221.00 ,3.05,0.21
4/11/2017,58.130001,1386.00 ,221.00 ,3.05,0.21
4/12/2017,57.895,1386.00 ,221.00 ,3.05,0.21
4/13/2017,57.595001,1386.00 ,221.00 ,3.05,0.21
4/17/2017,58.224998,1386.00 ,221.00 ,3.05,0.21
4/18/2017,58.174999,1386.00 ,221.00 ,3.05,0.21
4/19/2017,58.275002,1386.00 ,221.00 ,3.05,0.21
4/20/2017,58.895,1386.00 ,221.00 ,3.05,0.21
4/21/2017,59.200001,1386.00 ,221.00 ,3.05,0.21
4/24/2017,59.720001,1386.00 ,221.00 ,3.05,0.21
4/25/2017,59.810001,1386.00 ,221.00 ,3.05,0.21
4/26/2017,59.994999,1386.00 ,221.00 ,3.05,0.21
4/27/2017,59.945,1386.00 ,221.00 ,3.05,0.21
4/28/2017,59.57,1386.00 ,221.00 ,3.05,0.21
5/1/2017,59.544998,1386.00 ,221.00 ,3.05,0.21
5/2/2017,59.32,1386.00 ,221.00 ,3.05,0.21
5/3/2017,59.23,1386.00 ,221.00 ,3.05,0.21
5/4/2017,60.125,1386.00 ,221.00 ,3.05,0.21
5/5/2017,60,1386.00 ,221.00 ,3.05,0.21
5/8/2017,59.919998,1386.00 ,221.00 ,3.05,0.21
5/9/2017,59.865002,1386.00 ,221.00 ,3.05,0.21
5/10/2017,59.625,1386.00 ,221.00 ,3.05,0.21
5/11/2017,59.93,1386.00 ,221.00 ,3.05,0.21
5/12/2017,59.889999,1386.00 ,221.00 ,3.05,0.21
5/15/2017,60.450001,1386.00 ,221.00 ,3.05,0.21
5/16/2017,59.875,1386.00 ,221.00 ,3.05,0.21
5/17/2017,59.564999,1386.00 ,221.00 ,3.05,0.21
5/18/2017,60.02,1386.00 ,221.00 ,3.05,0.21
5/19/2017,60.34,1386.00 ,221.00 ,3.05,0.21
5/22/2017,61.16,1386.00 ,221.00 ,3.05,0.21
5/23/2017,61.169998,1386.00 ,221.00 ,3.05,0.21
5/24/2017,61.380001,1386.00 ,221.00 ,3.05,0.21
5/25/2017,62.259998,1386.00 ,221.00 ,3.05,0.21
5/26/2017,62.044998,1386.00 ,221.00 ,3.05,0.21
5/30/2017,62.264999,1386.00 ,221.00 ,3.05,0.21
5/31/2017,62.639999,1386.00 ,221.00 ,3.05,0.21
6/1/2017,62.615002,1386.00 ,221.00 ,3.05,0.21
6/2/2017,62.855,1386.00 ,221.00 ,3.05,0.21
6/5/2017,62.73,1386.00 ,221.00 ,3.05,0.21
6/6/2017,62.215,1386.00 ,221.00 ,3.05,0.21
6/7/2017,62.549999,1386.00 ,221.00 ,3.05,0.21
6/8/2017,61.875,1386.00 ,221.00 ,3.05,0.21
6/9/2017,61.43,1386.00 ,221.00 ,3.05,0.21
6/12/2017,61.59,1386.00 ,221.00 ,3.05,0.21
6/13/2017,62.255001,1386.00 ,221.00 ,3.05,0.21
6/14/2017,62.310001,1386.00 ,221.00 ,3.05,0.21
6/15/2017,62.735001,1386.00 ,221.00 ,3.05,0.21
6/16/2017,62.325001,1386.00 ,221.00 ,3.05,0.21
6/19/2017,62.595001,1386.00 ,221.00 ,3.05,0.21
6/20/2017,62.310001,1386.00 ,221.00 ,3.05,0.21
6/21/2017,62.689999,1386.00 ,221.00 ,3.05,0.21
6/22/2017,62.455002,1386.00 ,221.00 ,3.05,0.21
6/23/2017,62.400002,1386.00 ,221.00 ,3.05,0.21
6/26/2017,62.165001,1386.00 ,221.00 ,3.05,0.21
6/27/2017,61.424999,1386.00 ,221.00 ,3.05,0.21
6/28/2017,62.029999,1386.00 ,221.00 ,3.05,0.21
6/29/2017,60.805,1386.00 ,221.00 ,3.05,0.21
6/30/2017,61.169998,1386.00 ,221.00 ,3.05,0.21
7/3/2017,60.654999,1400.00 ,232.00 ,3.34,0.21
7/5/2017,61.174999,1400.00 ,232.00 ,3.34,0.21
7/6/2017,60.895,1400.00 ,232.00 ,3.34,0.21
7/7/2017,61.384998,1400.00 ,232.00 ,3.34,0.21
7/10/2017,61.400002,1400.00 ,232.00 ,3.34,0.21
7/11/2017,61.014999,1400.00 ,232.00 ,3.34,0.21
7/12/2017,61.720001,1400.00 ,232.00 ,3.34,0.21
7/13/2017,61.634998,1400.00 ,232.00 ,3.34,0.21
7/14/2017,61.805,1400.00 ,232.00 ,3.34,0.21
7/17/2017,62.625,1400.00 ,232.00 ,3.34,0.21
7/18/2017,62.529999,1400.00 ,232.00 ,3.34,0.21
7/19/2017,62.880001,1400.00 ,232.00 ,3.34,0.21
7/20/2017,63.115002,1400.00 ,232.00 ,3.34,0.21
7/21/2017,63.355,1400.00 ,232.00 ,3.34,0.21
7/24/2017,63.240002,1400.00 ,232.00 ,3.34,0.21
7/25/2017,63.195,1400.00 ,232.00 ,3.34,0.21
7/26/2017,63.505001,1400.00 ,232.00 ,3.34,0.21
7/27/2017,63.485001,1400.00 ,232.00 ,3.34,0.21
7/28/2017,63.115002,1400.00 ,232.00 ,3.34,0.21
7/31/2017,64.25,1400.00 ,232.00 ,3.34,0.21
8/1/2017,64.635002,1400.00 ,232.00 ,3.34,0.21
8/2/2017,61.985001,1400.00 ,232.00 ,3.34,0.21
8/3/2017,61.985001,1400.00 ,232.00 ,3.34,0.21
8/4/2017,61.540001,1400.00 ,232.00 ,3.34,0.21
8/7/2017,62.040001,1400.00 ,232.00 ,3.34,0.21
8/8/2017,61.790001,1400.00 ,232.00 ,3.34,0.21
8/9/2017,61.650002,1400.00 ,232.00 ,3.34,0.21
8/10/2017,61.244999,1400.00 ,232.00 ,3.34,0.21
8/11/2017,61.419998,1400.00 ,232.00 ,3.34,0.21
8/14/2017,62.025002,1400.00 ,232.00 ,3.34,0.21
8/15/2017,62.349998,1400.00 ,232.00 ,3.34,0.21
8/16/2017,62.415001,1400.00 ,232.00 ,3.34,0.21
8/17/2017,60.544998,1400.00 ,232.00 ,3.34,0.21
8/18/2017,60.18,1400.00 ,232.00 ,3.34,0.21
8/21/2017,60.384998,1400.00 ,232.00 ,3.34,0.21
8/22/2017,61.310001,1400.00 ,232.00 ,3.34,0.21
8/23/2017,61.075001,1400.00 ,232.00 ,3.34,0.21
8/24/2017,60.755001,1400.00 ,232.00 ,3.34,0.21
8/25/2017,61.16,1400.00 ,232.00 ,3.34,0.21
8/28/2017,61.415001,1400.00 ,232.00 ,3.34,0.21
8/29/2017,61.509998,1400.00 ,232.00 ,3.34,0.21
8/30/2017,61.605,1400.00 ,232.00 ,3.34,0.21
8/31/2017,61.855,1400.00 ,232.00 ,3.34,0.21
9/1/2017,61.5,1400.00 ,232.00 ,3.34,0.21
9/5/2017,60.93,1400.00 ,232.00 ,3.34,0.21
9/6/2017,61.205002,1400.00 ,232.00 ,3.34,0.21
9/7/2017,61.415001,1400.00 ,232.00 ,3.34,0.21
9/8/2017,61.330002,1400.00 ,232.00 ,3.34,0.21
9/11/2017,62.16,1400.00 ,232.00 ,3.34,0.21
9/12/2017,62.290001,1400.00 ,232.00 ,3.34,0.21
9/13/2017,61.994999,1400.00 ,232.00 ,3.34,0.21
9/14/2017,61.775002,1400.00 ,232.00 ,3.34,0.21
9/15/2017,62.025002,1400.00 ,232.00 ,3.34,0.21
9/18/2017,62.764999,1400.00 ,232.00 ,3.34,0.21
9/19/2017,62.584999,1400.00 ,232.00 ,3.34,0.21
9/20/2017,62.549999,1400.00 ,232.00 ,3.34,0.21
9/21/2017,62.380001,1400.00 ,232.00 ,3.34,0.21
9/22/2017,63.115002,1400.00 ,232.00 ,3.34,0.21
9/25/2017,63.555,1400.00 ,232.00 ,3.34,0.21
9/26/2017,63.740002,1400.00 ,232.00 ,3.34,0.21
9/27/2017,64.18,1400.00 ,232.00 ,3.34,0.21
9/28/2017,64.105003,1400.00 ,232.00 ,3.34,0.21
9/29/2017,64.480003,1400.00 ,232.00 ,3.34,0.21
10/2/2017,64.434998,1516.00 ,546.00 ,2.77,0.21
10/3/2017,64.415001,1516.00 ,546.00 ,2.77,0.21
10/4/2017,64.290001,1516.00 ,546.00 ,2.77,0.21
10/5/2017,64.455002,1516.00 ,546.00 ,2.77,0.21
10/6/2017,63.740002,1516.00 ,546.00 ,2.77,0.21
10/9/2017,63.755001,1516.00 ,546.00 ,2.77,0.21
10/10/2017,63.935001,1516.00 ,546.00 ,2.77,0.21
10/11/2017,63.369999,1516.00 ,546.00 ,2.77,0.21
10/12/2017,63.584999,1516.00 ,546.00 ,2.77,0.21
10/13/2017,63.540001,1516.00 ,546.00 ,2.77,0.21
10/16/2017,63.599998,1516.00 ,546.00 ,2.77,0.21
10/17/2017,63.314999,1516.00 ,546.00 ,2.77,0.21
10/18/2017,63.535,1516.00 ,546.00 ,2.77,0.21
10/19/2017,63.775002,1516.00 ,546.00 ,2.77,0.21
10/20/2017,64.220001,1516.00 ,546.00 ,2.77,0.21
10/23/2017,63.994999,1516.00 ,546.00 ,2.77,0.21
10/24/2017,63.695,1516.00 ,546.00 ,2.77,0.21
10/25/2017,64.105003,1516.00 ,546.00 ,2.77,0.21
10/26/2017,64.470001,1516.00 ,546.00 ,2.77,0.21
10/27/2017,65.089996,1516.00 ,546.00 ,2.77,0.21
10/30/2017,64.724998,1516.00 ,546.00 ,2.77,0.21
10/31/2017,64.714996,1516.00 ,546.00 ,2.77,0.21
11/1/2017,62.759998,1516.00 ,546.00 ,2.77,0.21
11/2/2017,63.290001,1516.00 ,546.00 ,2.77,0.21
11/3/2017,63.514999,1516.00 ,546.00 ,2.77,0.21
11/6/2017,63.884998,1516.00 ,546.00 ,2.77,0.21
11/7/2017,63.485001,1516.00 ,546.00 ,2.77,0.21
11/8/2017,64.410004,1516.00 ,546.00 ,2.77,0.21
11/9/2017,64.440002,1516.00 ,546.00 ,2.77,0.21
11/10/2017,64,1516.00 ,546.00 ,2.77,0.21
11/13/2017,64.080002,1516.00 ,546.00 ,2.77,0.21
11/14/2017,64.864998,1516.00 ,546.00 ,2.77,0.21
11/15/2017,64.260002,1516.00 ,546.00 ,2.77,0.21
11/16/2017,64.769997,1516.00 ,546.00 ,2.77,0.21
11/17/2017,64.195,1516.00 ,546.00 ,2.77,0.21
11/20/2017,64.160004,1516.00 ,546.00 ,2.77,0.21
11/21/2017,64.135002,1516.00 ,546.00 ,2.77,0.21
11/22/2017,63.855,1516.00 ,546.00 ,2.77,0.21
11/24/2017,64.065002,1516.00 ,546.00 ,2.77,0.21
11/27/2017,64.080002,1516.00 ,546.00 ,2.77,0.21
11/28/2017,64.205002,1516.00 ,546.00 ,2.77,0.21
11/29/2017,64.360001,1516.00 ,546.00 ,2.77,0.21
11/30/2017,65.724998,1516.00 ,546.00 ,2.77,0.21
12/1/2017,65.205002,1516.00 ,546.00 ,2.77,0.21
12/4/2017,66.120003,1516.00 ,546.00 ,2.77,0.21
12/5/2017,65.440002,1516.00 ,546.00 ,2.77,0.21
12/6/2017,65.279999,1516.00 ,546.00 ,2.77,0.21
12/7/2017,65.599998,1516.00 ,546.00 ,2.77,0.21
12/8/2017,65.860001,1516.00 ,546.00 ,2.77,0.21
12/11/2017,65.915001,1516.00 ,546.00 ,2.77,0.21
12/12/2017,65.599998,1516.00 ,546.00 ,2.77,0.21
12/13/2017,65.404999,1516.00 ,546.00 ,2.77,0.21
12/14/2017,64.949997,1516.00 ,546.00 ,2.77,0.21
12/15/2017,65.980003,1516.00 ,546.00 ,2.77,0.21
12/18/2017,66.169998,1516.00 ,546.00 ,2.77,0.21
12/19/2017,66.080002,1516.00 ,546.00 ,2.77,0.21
12/20/2017,65.794998,1516.00 ,546.00 ,2.77,0.21
12/21/2017,65.315002,1516.00 ,546.00 ,2.77,0.21
12/22/2017,65.160004,1516.00 ,546.00 ,2.77,0.21
12/26/2017,65.699997,1516.00 ,546.00 ,2.77,0.21
12/27/2017,65.745003,1516.00 ,546.00 ,2.77,0.21
12/28/2017,65.995003,1516.00 ,546.00 ,2.77,0.21
12/29/2017,65.565002,1516.00 ,546.00 ,2.77,0.21
1/2/2018,65.175003,1440.00 ,423.00 ,2.42,0.24
1/3/2018,65.705002,1440.00 ,423.00 ,2.42,0.24
1/4/2018,66.629997,1440.00 ,423.00 ,2.42,0.24
1/5/2018,67.290001,1440.00 ,423.00 ,2.42,0.24
1/8/2018,67.425003,1440.00 ,423.00 ,2.42,0.24
1/9/2018,68.144997,1440.00 ,423.00 ,2.42,0.24
1/10/2018,68.504997,1440.00 ,423.00 ,2.42,0.24
1/11/2018,68.915001,1440.00 ,423.00 ,2.42,0.24
1/12/2018,68.610001,1440.00 ,423.00 ,2.42,0.24
1/16/2018,68.754997,1440.00 ,423.00 ,2.42,0.24
1/17/2018,69.125,1440.00 ,423.00 ,2.42,0.24
1/18/2018,68.970001,1440.00 ,423.00 ,2.42,0.24
1/19/2018,69.055,1440.00 ,423.00 ,2.42,0.24
1/22/2018,70.095001,1440.00 ,423.00 ,2.42,0.24
1/23/2018,70.195,1440.00 ,423.00 ,2.42,0.24
1/24/2018,70.07,1440.00 ,423.00 ,2.42,0.24
1/25/2018,70.400002,1440.00 ,423.00 ,2.42,0.24
1/26/2018,71.290001,1440.00 ,423.00 ,2.42,0.24
1/29/2018,71.514999,1440.00 ,423.00 ,2.42,0.24
1/30/2018,71.269997,1440.00 ,423.00 ,2.42,0.24
1/31/2018,70.419998,1440.00 ,423.00 ,2.42,0.24
2/1/2018,70.050003,1440.00 ,423.00 ,2.42,0.24
2/2/2018,68.775002,1440.00 ,423.00 ,2.42,0.24
2/5/2018,65.055,1440.00 ,423.00 ,2.42,0.24
2/6/2018,65.375,1440.00 ,423.00 ,2.42,0.24
2/7/2018,64.584999,1440.00 ,423.00 ,2.42,0.24
2/8/2018,66.525002,1440.00 ,423.00 ,2.42,0.24
2/9/2018,68.730003,1440.00 ,423.00 ,2.42,0.24
2/12/2018,69.32,1440.00 ,423.00 ,2.42,0.24
2/13/2018,69.514999,1440.00 ,423.00 ,2.42,0.24
2/14/2018,69.199997,1440.00 ,423.00 ,2.42,0.24
2/15/2018,70.224998,1440.00 ,423.00 ,2.42,0.24
2/16/2018,71.360001,1440.00 ,423.00 ,2.42,0.24
2/20/2018,70.855003,1440.00 ,423.00 ,2.42,0.24
2/21/2018,69.894997,1440.00 ,423.00 ,2.42,0.24
2/22/2018,71.055,1440.00 ,423.00 ,2.42,0.24
2/23/2018,73.095001,1440.00 ,423.00 ,2.42,0.24
2/26/2018,72.68,1440.00 ,423.00 ,2.42,0.24
2/27/2018,72.105003,1440.00 ,423.00 ,2.42,0.24
2/28/2018,71.695,1440.00 ,423.00 ,2.42,0.24
3/1/2018,70.934998,1440.00 ,423.00 ,2.42,0.24
3/2/2018,71.989998,1440.00 ,423.00 ,2.42,0.24
3/5/2018,72.464996,1440.00 ,423.00 ,2.42,0.24
3/6/2018,72.110001,1440.00 ,423.00 ,2.42,0.24
3/7/2018,72.529999,1440.00 ,423.00 ,2.42,0.24
3/8/2018,73.050003,1440.00 ,423.00 ,2.42,0.24
3/9/2018,74.114998,1440.00 ,423.00 ,2.42,0.24
3/12/2018,73.82,1440.00 ,423.00 ,2.42,0.24
3/13/2018,73.75,1440.00 ,423.00 ,2.42,0.24
3/14/2018,73.794998,1440.00 ,423.00 ,2.42,0.24
3/15/2018,73.834999,1440.00 ,423.00 ,2.42,0.24
3/16/2018,74.220001,1440.00 ,423.00 ,2.42,0.24
3/19/2018,73.620003,1440.00 ,423.00 ,2.42,0.24
3/20/2018,73.459999,1440.00 ,423.00 ,2.42,0.24
3/21/2018,73.169998,1440.00 ,423.00 ,2.42,0.24
3/22/2018,71.339996,1440.00 ,423.00 ,2.42,0.24
3/23/2018,70.010002,1440.00 ,423.00 ,2.42,0.24
3/26/2018,71.279999,1440.00 ,423.00 ,2.42,0.24
3/27/2018,70.279999,1440.00 ,423.00 ,2.42,0.24
3/28/2018,70.739998,1440.00 ,423.00 ,2.42,0.24
3/29/2018,71.309998,1440.00 ,423.00 ,2.42,0.24
4/2/2018,70.540001,1420.00 ,251.00 ,2.59,0.23
4/3/2018,70.970001,1420.00 ,251.00 ,2.59,0.23
4/4/2018,71.129997,1420.00 ,251.00 ,2.59,0.23
4/5/2018,71.239998,1420.00 ,251.00 ,2.59,0.23
4/6/2018,69.839996,1420.00 ,251.00 ,2.59,0.23
4/9/2018,70.129997,1420.00 ,251.00 ,2.59,0.23
4/10/2018,71.129997,1420.00 ,251.00 ,2.59,0.23
4/11/2018,70.849998,1420.00 ,251.00 ,2.59,0.23
4/12/2018,70.980003,1420.00 ,251.00 ,2.59,0.23
4/13/2018,70.900002,1420.00 ,251.00 ,2.59,0.23
4/16/2018,71.589996,1420.00 ,251.00 ,2.59,0.23
4/17/2018,72.290001,1420.00 ,251.00 ,2.59,0.23
4/18/2018,72.120003,1420.00 ,251.00 ,2.59,0.23
4/19/2018,71.75,1420.00 ,251.00 ,2.59,0.23
4/20/2018,71.339996,1420.00 ,251.00 ,2.59,0.23
4/23/2018,71.089996,1420.00 ,251.00 ,2.59,0.23
4/24/2018,70.900002,1420.00 ,251.00 ,2.59,0.23
4/25/2018,70.160004,1420.00 ,251.00 ,2.59,0.23
4/26/2018,71.32,1420.00 ,251.00 ,2.59,0.23
4/27/2018,71.470001,1420.00 ,251.00 ,2.59,0.23
4/30/2018,70.860001,1420.00 ,251.00 ,2.59,0.23
5/1/2018,71.629997,1420.00 ,251.00 ,2.59,0.23
5/2/2018,69.029999,1420.00 ,251.00 ,2.59,0.23
5/3/2018,68.989998,1420.00 ,251.00 ,2.59,0.23
5/4/2018,69.720001,1420.00 ,251.00 ,2.59,0.23
5/7/2018,70.410004,1420.00 ,251.00 ,2.59,0.23
5/8/2018,70.410004,1420.00 ,251.00 ,2.59,0.23
5/9/2018,71.489998,1420.00 ,251.00 ,2.59,0.23
5/10/2018,72.410004,1420.00 ,251.00 ,2.59,0.23
5/11/2018,72.790001,1420.00 ,251.00 ,2.59,0.23
5/14/2018,72.419998,1420.00 ,251.00 ,2.59,0.23
5/15/2018,72.089996,1420.00 ,251.00 ,2.59,0.23
5/16/2018,72.279999,1420.00 ,251.00 ,2.59,0.23
5/17/2018,72.5,1420.00 ,251.00 ,2.59,0.23
5/18/2018,72.980003,1420.00 ,251.00 ,2.59,0.23
5/21/2018,73.25,1420.00 ,251.00 ,2.59,0.23
5/22/2018,71.660004,1420.00 ,251.00 ,2.59,0.23
5/23/2018,71.870003,1420.00 ,251.00 ,2.59,0.23
5/24/2018,71.68,1420.00 ,251.00 ,2.59,0.23
5/25/2018,71.769997,1420.00 ,251.00 ,2.59,0.23
5/29/2018,71.629997,1420.00 ,251.00 ,2.59,0.23
5/30/2018,72.75,1420.00 ,251.00 ,2.59,0.23
5/31/2018,72.599998,1420.00 ,251.00 ,2.59,0.23
6/1/2018,73.330002,1420.00 ,251.00 ,2.59,0.23
6/4/2018,74.260002,1420.00 ,251.00 ,2.59,0.23
6/5/2018,74.68,1420.00 ,251.00 ,2.59,0.23
6/6/2018,76.059998,1420.00 ,251.00 ,2.59,0.23
6/7/2018,75.07,1420.00 ,251.00 ,2.59,0.23
6/8/2018,75.470001,1420.00 ,251.00 ,2.59,0.23
6/11/2018,75.129997,1420.00 ,251.00 ,2.59,0.23
6/12/2018,75.849998,1420.00 ,251.00 ,2.59,0.23
6/13/2018,75.849998,1420.00 ,251.00 ,2.59,0.23
6/14/2018,76.43,1420.00 ,251.00 ,2.59,0.23
6/15/2018,76.489998,1420.00 ,251.00 ,2.59,0.23
6/18/2018,76.220001,1420.00 ,251.00 ,2.59,0.23
6/19/2018,76.160004,1420.00 ,251.00 ,2.59,0.23
6/20/2018,76.209999,1420.00 ,251.00 ,2.59,0.23
6/21/2018,75.779999,1420.00 ,251.00 ,2.59,0.23
6/22/2018,75.57,1420.00 ,251.00 ,2.59,0.23
6/25/2018,74.379997,1420.00 ,251.00 ,2.59,0.23
6/26/2018,74.18,1420.00 ,251.00 ,2.59,0.23
6/27/2018,73.260002,1420.00 ,251.00 ,2.59,0.23
6/28/2018,73.93,1420.00 ,251.00 ,2.59,0.23
6/29/2018,74.089996,1420.00 ,251.00 ,2.59,0.23
7/2/2018,74.739998,1412.00 ,227.00 ,3.04,0.23
7/3/2018,74.419998,1412.00 ,227.00 ,3.04,0.23
7/5/2018,75.029999,1412.00 ,227.00 ,3.04,0.23
7/6/2018,75.489998,1412.00 ,227.00 ,3.04,0.23
7/9/2018,75.82,1412.00 ,227.00 ,3.04,0.23
7/10/2018,75.959999,1412.00 ,227.00 ,3.04,0.23
7/11/2018,76.459999,1412.00 ,227.00 ,3.04,0.23
7/12/2018,77.550003,1412.00 ,227.00 ,3.04,0.23
7/13/2018,77.449997,1412.00 ,227.00 ,3.04,0.23
7/16/2018,76.870003,1412.00 ,227.00 ,3.04,0.23
7/17/2018,77.150002,1412.00 ,227.00 ,3.04,0.23
7/18/2018,77.239998,1412.00 ,227.00 ,3.04,0.23
7/19/2018,77.43,1412.00 ,227.00 ,3.04,0.23
7/20/2018,77.349998,1412.00 ,227.00 ,3.04,0.23
7/23/2018,77.389999,1412.00 ,227.00 ,3.04,0.23
7/24/2018,77.18,1412.00 ,227.00 ,3.04,0.23
7/25/2018,77.610001,1412.00 ,227.00 ,3.04,0.23
7/26/2018,77.220001,1412.00 ,227.00 ,3.04,0.23
7/27/2018,76.120003,1412.00 ,227.00 ,3.04,0.23
7/30/2018,74.459999,1412.00 ,227.00 ,3.04,0.23
7/31/2018,75.480003,1412.00 ,227.00 ,3.04,0.23
8/1/2018,74.739998,1412.00 ,227.00 ,3.04,0.23
8/2/2018,75.190002,1412.00 ,227.00 ,3.04,0.23
8/3/2018,76.25,1412.00 ,227.00 ,3.04,0.23
8/6/2018,76.900002,1412.00 ,227.00 ,3.04,0.23
8/7/2018,77.050003,1412.00 ,227.00 ,3.04,0.23
8/8/2018,77.580002,1412.00 ,227.00 ,3.04,0.23
8/9/2018,78.639999,1412.00 ,227.00 ,3.04,0.23
8/10/2018,79.239998,1412.00 ,227.00 ,3.04,0.23
8/13/2018,79.269997,1412.00 ,227.00 ,3.04,0.23
8/14/2018,79.029999,1412.00 ,227.00 ,3.04,0.23
8/15/2018,78.690002,1412.00 ,227.00 ,3.04,0.23
8/16/2018,78.919998,1412.00 ,227.00 ,3.04,0.23
8/17/2018,79.440002,1412.00 ,227.00 ,3.04,0.23
8/20/2018,79.589996,1412.00 ,227.00 ,3.04,0.23
8/21/2018,79.440002,1412.00 ,227.00 ,3.04,0.23
8/22/2018,79.660004,1412.00 ,227.00 ,3.04,0.23
8/23/2018,79.650002,1412.00 ,227.00 ,3.04,0.23
8/24/2018,80.029999,1412.00 ,227.00 ,3.04,0.23
8/27/2018,79.709999,1412.00 ,227.00 ,3.04,0.23
8/28/2018,78.440002,1412.00 ,227.00 ,3.04,0.23
8/29/2018,79.639999,1412.00 ,227.00 ,3.04,0.23
8/30/2018,79.559998,1412.00 ,227.00 ,3.04,0.23
8/31/2018,80.07,1412.00 ,227.00 ,3.04,0.23
9/4/2018,79.980003,1412.00 ,227.00 ,3.04,0.23
9/5/2018,79.709999,1412.00 ,227.00 ,3.04,0.23
9/6/2018,80.370003,1412.00 ,227.00 ,3.04,0.23
9/7/2018,79.919998,1412.00 ,227.00 ,3.04,0.23
9/10/2018,80.389999,1412.00 ,227.00 ,3.04,0.23
9/11/2018,80.790001,1412.00 ,227.00 ,3.04,0.23
9/12/2018,80.779999,1412.00 ,227.00 ,3.04,0.23
9/13/2018,81.089996,1412.00 ,227.00 ,3.04,0.23
9/14/2018,81.339996,1412.00 ,227.00 ,3.04,0.23
9/17/2018,80.080002,1412.00 ,227.00 ,3.04,0.23
9/18/2018,80.279999,1412.00 ,227.00 ,3.04,0.23
9/19/2018,79.419998,1412.00 ,227.00 ,3.04,0.23
9/20/2018,80.120003,1412.00 ,227.00 ,3.04,0.23
9/21/2018,81.440002,1412.00 ,227.00 ,3.04,0.23
9/24/2018,80.919998,1412.00 ,227.00 ,3.04,0.23
9/25/2018,81.68,1412.00 ,227.00 ,3.04,0.23
9/26/2018,81.650002,1412.00 ,227.00 ,3.04,0.23
9/27/2018,81.629997,1412.00 ,227.00 ,3.04,0.23
9/28/2018,82.379997,1412.00 ,227.00 ,3.04,0.23
10/1/2018,81.529999,1551.00 ,286.00 ,3.91,0.23
10/2/2018,81.849998,1551.00 ,286.00 ,3.91,0.23
10/3/2018,81.68,1551.00 ,286.00 ,3.91,0.23
10/4/2018,80.470001,1551.00 ,286.00 ,3.91,0.23
10/5/2018,81.059998,1551.00 ,286.00 ,3.91,0.23
10/8/2018,80.610001,1551.00 ,286.00 ,3.91,0.23
10/9/2018,80.760002,1551.00 ,286.00 ,3.91,0.23
10/10/2018,77.010002,1551.00 ,286.00 ,3.91,0.23
10/11/2018,75.900002,1551.00 ,286.00 ,3.91,0.23
10/12/2018,77.139999,1551.00 ,286.00 ,3.91,0.23
10/15/2018,76.75,1551.00 ,286.00 ,3.91,0.23
10/16/2018,78.860001,1551.00 ,286.00 ,3.91,0.23
10/17/2018,79.059998,1551.00 ,286.00 ,3.91,0.23
10/18/2018,78.5,1551.00 ,286.00 ,3.91,0.23
10/19/2018,78.529999,1551.00 ,286.00 ,3.91,0.23
10/22/2018,79.400002,1551.00 ,286.00 ,3.91,0.23
10/23/2018,79.360001,1551.00 ,286.00 ,3.91,0.23
10/24/2018,77.169998,1551.00 ,286.00 ,3.91,0.23
10/25/2018,78.889999,1551.00 ,286.00 ,3.91,0.23
10/26/2018,77.900002,1551.00 ,286.00 ,3.91,0.23
10/29/2018,77.18,1551.00 ,286.00 ,3.91,0.23
10/30/2018,77.940002,1551.00 ,286.00 ,3.91,0.23
10/31/2018,79.300003,1551.00 ,286.00 ,3.91,0.23
11/1/2018,74.910004,1551.00 ,286.00 ,3.91,0.23
11/2/2018,74.989998,1551.00 ,286.00 ,3.91,0.23
11/5/2018,76.709999,1551.00 ,286.00 ,3.91,0.23
11/6/2018,77.510002,1551.00 ,286.00 ,3.91,0.23
11/7/2018,79.209999,1551.00 ,286.00 ,3.91,0.23
11/8/2018,79.800003,1551.00 ,286.00 ,3.91,0.23
11/9/2018,80.239998,1551.00 ,286.00 ,3.91,0.23
11/12/2018,78.589996,1551.00 ,286.00 ,3.91,0.23
11/13/2018,77.660004,1551.00 ,286.00 ,3.91,0.23
11/14/2018,77.75,1551.00 ,286.00 ,3.91,0.23
11/15/2018,79.709999,1551.00 ,286.00 ,3.91,0.23
11/16/2018,80.279999,1551.00 ,286.00 ,3.91,0.23
11/19/2018,78.559998,1551.00 ,286.00 ,3.91,0.23
11/20/2018,76.080002,1551.00 ,286.00 ,3.91,0.23
11/21/2018,76.839996,1551.00 ,286.00 ,3.91,0.23
11/23/2018,76.870003,1551.00 ,286.00 ,3.91,0.23
11/26/2018,77.410004,1551.00 ,286.00 ,3.91,0.23
11/27/2018,77.169998,1551.00 ,286.00 ,3.91,0.23
11/28/2018,79.400002,1551.00 ,286.00 ,3.91,0.23
11/29/2018,78.440002,1551.00 ,286.00 ,3.91,0.23
11/30/2018,79.129997,1551.00 ,286.00 ,3.91,0.23
12/3/2018,79.669998,1551.00 ,286.00 ,3.91,0.23
12/4/2018,76.910004,1551.00 ,286.00 ,3.91,0.23
12/6/2018,76.07,1551.00 ,286.00 ,3.91,0.23
12/7/2018,74.739998,1551.00 ,286.00 ,3.91,0.23
12/10/2018,76.139999,1551.00 ,286.00 ,3.91,0.23
12/11/2018,76.760002,1551.00 ,286.00 ,3.91,0.23
12/12/2018,77.639999,1551.00 ,286.00 ,3.91,0.23
12/13/2018,77.739998,1551.00 ,286.00 ,3.91,0.23
12/14/2018,76.279999,1551.00 ,286.00 ,3.91,0.23
12/17/2018,74.43,1551.00 ,286.00 ,3.91,0.23
12/18/2018,73.010002,1551.00 ,286.00 ,3.91,0.23
12/19/2018,72.839996,1551.00 ,286.00 ,3.91,0.23
12/20/2018,72.5,1551.00 ,286.00 ,3.91,0.23
12/21/2018,70.919998,1551.00 ,286.00 ,3.91,0.23
12/24/2018,69,1551.00 ,286.00 ,3.91,0.23
12/26/2018,71.910004,1551.00 ,286.00 ,3.91,0.23
12/27/2018,73.07,1551.00 ,286.00 ,3.91,0.23
12/28/2018,72.959999,1551.00 ,286.00 ,3.91,0.23
12/31/2018,73.489998,1551.00 ,286.00 ,3.91,0.23
1/2/2019,72.209999,1502.00 ,225.00 ,3.88,0.19
1/3/2019,70.110001,1502.00 ,225.00 ,3.88,0.19
1/4/2019,73.220001,1502.00 ,225.00 ,3.88,0.19
1/7/2019,73.07,1502.00 ,225.00 ,3.88,0.19
1/8/2019,73.550003,1502.00 ,225.00 ,3.88,0.19
1/9/2019,73.32,1502.00 ,225.00 ,3.88,0.19
1/10/2019,74.379997,1502.00 ,225.00 ,3.88,0.19
1/11/2019,74.099998,1502.00 ,225.00 ,3.88,0.19
1/14/2019,73.879997,1502.00 ,225.00 ,3.88,0.19
1/15/2019,75.040001,1502.00 ,225.00 ,3.88,0.19
1/16/2019,72.57,1502.00 ,225.00 ,3.88,0.19
1/17/2019,74.5,1502.00 ,225.00 ,3.88,0.19
1/18/2019,77.82,1502.00 ,225.00 ,3.88,0.19
1/22/2019,78.190002,1502.00 ,225.00 ,3.88,0.19
1/23/2019,80.589996,1502.00 ,225.00 ,3.88,0.19
1/24/2019,82.790001,1502.00 ,225.00 ,3.88,0.19
1/25/2019,85.07,1502.00 ,225.00 ,3.88,0.19
1/28/2019,85.209999,1502.00 ,225.00 ,3.88,0.19
1/29/2019,83.629997,1502.00 ,225.00 ,3.88,0.19
1/30/2019,84.660004,1502.00 ,225.00 ,3.88,0.19
1/31/2019,82.93,1502.00 ,225.00 ,3.88,0.19
2/1/2019,82.919998,1502.00 ,225.00 ,3.88,0.19
2/4/2019,84.089996,1502.00 ,225.00 ,3.88,0.19
2/5/2019,85.110001,1502.00 ,225.00 ,3.88,0.19
2/6/2019,84.610001,1502.00 ,225.00 ,3.88,0.19
2/7/2019,84.010002,1502.00 ,225.00 ,3.88,0.19
2/8/2019,85.699997,1502.00 ,225.00 ,3.88,0.19
2/11/2019,84.559998,1502.00 ,225.00 ,3.88,0.19
2/12/2019,84.379997,1502.00 ,225.00 ,3.88,0.19
2/13/2019,84.389999,1502.00 ,225.00 ,3.88,0.19
2/14/2019,84.349998,1502.00 ,225.00 ,3.88,0.19
2/15/2019,85.779999,1502.00 ,225.00 ,3.88,0.19
2/19/2019,85.620003,1502.00 ,225.00 ,3.88,0.19
2/20/2019,84.730003,1502.00 ,225.00 ,3.88,0.19
2/21/2019,84.75,1502.00 ,225.00 ,3.88,0.19
2/22/2019,85.029999,1502.00 ,225.00 ,3.88,0.19
2/25/2019,84.239998,1502.00 ,225.00 ,3.88,0.19
2/26/2019,84.720001,1502.00 ,225.00 ,3.88,0.19
2/27/2019,85.050003,1502.00 ,225.00 ,3.88,0.19
2/28/2019,84.690002,1502.00 ,225.00 ,3.88,0.19
3/1/2019,86.389999,1502.00 ,225.00 ,3.88,0.19
3/4/2019,85.550003,1502.00 ,225.00 ,3.88,0.19
3/5/2019,85.610001,1502.00 ,225.00 ,3.88,0.19
3/6/2019,85.370003,1502.00 ,225.00 ,3.88,0.19
3/7/2019,85.010002,1502.00 ,225.00 ,3.88,0.19
3/8/2019,84.879997,1502.00 ,225.00 ,3.88,0.19
3/11/2019,86.029999,1502.00 ,225.00 ,3.88,0.19
3/12/2019,86.080002,1502.00 ,225.00 ,3.88,0.19
3/13/2019,86.080002,1502.00 ,225.00 ,3.88,0.19
3/14/2019,85.5,1502.00 ,225.00 ,3.88,0.19
3/15/2019,86.239998,1502.00 ,225.00 ,3.88,0.19
3/18/2019,85.089996,1502.00 ,225.00 ,3.88,0.19
3/19/2019,84.599998,1502.00 ,225.00 ,3.88,0.19
3/20/2019,83.730003,1502.00 ,225.00 ,3.88,0.19
3/21/2019,86.07,1502.00 ,225.00 ,3.88,0.19
3/22/2019,85.580002,1502.00 ,225.00 ,3.88,0.19
3/25/2019,85.260002,1502.00 ,225.00 ,3.88,0.19
3/26/2019,86.93,1502.00 ,225.00 ,3.88,0.19
3/27/2019,87.650002,1502.00 ,225.00 ,3.88,0.19
3/28/2019,87.779999,1502.00 ,225.00 ,3.88,0.19
3/29/2019,88.279999,1502.00 ,225.00 ,3.88,0.19
4/1/2019,89.309998,1512.00 ,223.00 ,6.71,0.15
4/2/2019,89.779999,1512.00 ,223.00 ,6.71,0.15
4/3/2019,90.639999,1512.00 ,223.00 ,6.71,0.15
4/4/2019,90.080002,1512.00 ,223.00 ,6.71,0.15
4/5/2019,89.860001,1512.00 ,223.00 ,6.71,0.15
4/8/2019,88.330002,1512.00 ,223.00 ,6.71,0.15
4/9/2019,88.230003,1512.00 ,223.00 ,6.71,0.15
4/10/2019,86.75,1512.00 ,223.00 ,6.71,0.15
4/11/2019,85.540001,1512.00 ,223.00 ,6.71,0.15
4/12/2019,86.300003,1512.00 ,223.00 ,6.71,0.15
4/15/2019,86.550003,1512.00 ,223.00 ,6.71,0.15
4/16/2019,85.010002,1512.00 ,223.00 ,6.71,0.15
4/17/2019,85.290001,1512.00 ,223.00 ,6.71,0.15
4/18/2019,85.059998,1512.00 ,223.00 ,6.71,0.15
4/22/2019,85.730003,1512.00 ,223.00 ,6.71,0.15
4/23/2019,87.080002,1512.00 ,223.00 ,6.71,0.15
4/24/2019,86.529999,1512.00 ,223.00 ,6.71,0.15
4/25/2019,86.300003,1512.00 ,223.00 ,6.71,0.15
4/26/2019,85.370003,1512.00 ,223.00 ,6.71,0.15
4/29/2019,85.050003,1512.00 ,223.00 ,6.71,0.15
4/30/2019,87.239998,1512.00 ,223.00 ,6.71,0.15
5/1/2019,85.93,1512.00 ,223.00 ,6.71,0.15
5/2/2019,85.459999,1512.00 ,223.00 ,6.71,0.15
5/3/2019,86.739998,1512.00 ,223.00 ,6.71,0.15
5/6/2019,87.800003,1512.00 ,223.00 ,6.71,0.15
5/7/2019,85.540001,1512.00 ,223.00 ,6.71,0.15
5/8/2019,85.419998,1512.00 ,223.00 ,6.71,0.15
5/9/2019,84.690002,1512.00 ,223.00 ,6.71,0.15
5/10/2019,85.230003,1512.00 ,223.00 ,6.71,0.15
5/13/2019,83.360001,1512.00 ,223.00 ,6.71,0.15
5/14/2019,84.459999,1512.00 ,223.00 ,6.71,0.15
5/15/2019,85.870003,1512.00 ,223.00 ,6.71,0.15
5/16/2019,87.779999,1512.00 ,223.00 ,6.71,0.15
5/17/2019,87.300003,1512.00 ,223.00 ,6.71,0.15
5/20/2019,87.18,1512.00 ,223.00 ,6.71,0.15
5/21/2019,88.410004,1512.00 ,223.00 ,6.71,0.15
5/22/2019,89.599998,1512.00 ,223.00 ,6.71,0.15
5/23/2019,87.199997,1512.00 ,223.00 ,6.71,0.15
5/24/2019,86.900002,1512.00 ,223.00 ,6.71,0.15
5/28/2019,86.970001,1512.00 ,223.00 ,6.71,0.15
5/29/2019,86.809998,1512.00 ,223.00 ,6.71,0.15
5/30/2019,87.129997,1512.00 ,223.00 ,6.71,0.15
5/31/2019,85.860001,1512.00 ,223.00 ,6.71,0.15
6/3/2019,82.68,1512.00 ,223.00 ,6.71,0.15
6/4/2019,86.160004,1512.00 ,223.00 ,6.71,0.15
6/5/2019,88.360001,1512.00 ,223.00 ,6.71,0.15
6/6/2019,89.410004,1512.00 ,223.00 ,6.71,0.15
6/7/2019,89.739998,1512.00 ,223.00 ,6.71,0.15
6/10/2019,90.580002,1512.00 ,223.00 ,6.71,0.15
6/11/2019,89.639999,1512.00 ,223.00 ,6.71,0.15
6/12/2019,89.769997,1512.00 ,223.00 ,6.71,0.15
6/13/2019,88.660004,1512.00 ,223.00 ,6.71,0.15
6/14/2019,89.199997,1512.00 ,223.00 ,6.71,0.15
6/17/2019,88.970001,1512.00 ,223.00 ,6.71,0.15
6/18/2019,89.099998,1512.00 ,223.00 ,6.71,0.15
6/19/2019,90,1512.00 ,223.00 ,6.71,0.15
6/20/2019,91.690002,1512.00 ,223.00 ,6.71,0.15
6/21/2019,91.480003,1512.00 ,223.00 ,6.71,0.15
6/24/2019,90.809998,1512.00 ,223.00 ,6.71,0.15
6/25/2019,90.279999,1512.00 ,223.00 ,6.71,0.15
6/26/2019,90.190002,1512.00 ,223.00 ,6.71,0.15
6/27/2019,90.830002,1512.00 ,223.00 ,6.71,0.15
6/28/2019,91.160004,1512.00 ,223.00 ,6.71,0.15
7/1/2019,92.510002,3128.00 ,198.00 ,1.31,0.07
7/2/2019,93.589996,3128.00 ,198.00 ,1.31,0.07
7/3/2019,94.230003,3128.00 ,198.00 ,1.31,0.07
7/5/2019,94.459999,3128.00 ,198.00 ,1.31,0.07
7/8/2019,93.580002,3128.00 ,198.00 ,1.31,0.07
7/9/2019,93.839996,3128.00 ,198.00 ,1.31,0.07
7/10/2019,93.860001,3128.00 ,198.00 ,1.31,0.07
7/11/2019,93.690002,3128.00 ,198.00 ,1.31,0.07
7/12/2019,94.510002,3128.00 ,198.00 ,1.31,0.07
7/15/2019,94.75,3128.00 ,198.00 ,1.31,0.07
7/16/2019,93.910004,3128.00 ,198.00 ,1.31,0.07
7/17/2019,94.110001,3128.00 ,198.00 ,1.31,0.07
7/18/2019,96.870003,3128.00 ,198.00 ,1.31,0.07
7/19/2019,95.389999,3128.00 ,198.00 ,1.31,0.07
7/22/2019,95.300003,3128.00 ,198.00 ,1.31,0.07
7/23/2019,95.300003,3128.00 ,198.00 ,1.31,0.07
7/24/2019,94.169998,3128.00 ,198.00 ,1.31,0.07
7/25/2019,96.360001,3128.00 ,198.00 ,1.31,0.07
7/26/2019,102.300003,3128.00 ,198.00 ,1.31,0.07
7/29/2019,104.639999,3128.00 ,198.00 ,1.31,0.07
7/30/2019,103.910004,3128.00 ,198.00 ,1.31,0.07
7/31/2019,105.43,3128.00 ,198.00 ,1.31,0.07
8/1/2019,104.660004,3128.00 ,198.00 ,1.31,0.07
8/2/2019,104.32,3128.00 ,198.00 ,1.31,0.07
8/5/2019,100.449997,3128.00 ,198.00 ,1.31,0.07
8/6/2019,103.019997,3128.00 ,198.00 ,1.31,0.07
8/7/2019,104.970001,3128.00 ,198.00 ,1.31,0.07
8/8/2019,105.43,3128.00 ,198.00 ,1.31,0.07
8/9/2019,105.300003,3128.00 ,198.00 ,1.31,0.07
8/12/2019,104.209999,3128.00 ,198.00 ,1.31,0.07
8/13/2019,105.779999,3128.00 ,198.00 ,1.31,0.07
8/14/2019,102.400002,3128.00 ,198.00 ,1.31,0.07
8/15/2019,105.489998,3128.00 ,198.00 ,1.31,0.07
8/16/2019,107.260002,3128.00 ,198.00 ,1.31,0.07
8/19/2019,107.75,3128.00 ,198.00 ,1.31,0.07
8/20/2019,106.989998,3128.00 ,198.00 ,1.31,0.07
8/21/2019,107.559998,3128.00 ,198.00 ,1.31,0.07
8/22/2019,108.160004,3128.00 ,198.00 ,1.31,0.07
8/23/2019,104.68,3128.00 ,198.00 ,1.31,0.07
8/26/2019,106.379997,3128.00 ,198.00 ,1.31,0.07
8/27/2019,106.980003,3128.00 ,198.00 ,1.31,0.07
8/28/2019,106.75,3128.00 ,198.00 ,1.31,0.07
8/29/2019,107.639999,3128.00 ,198.00 ,1.31,0.07
8/30/2019,106.940002,3128.00 ,198.00 ,1.31,0.07
9/3/2019,105.839996,3128.00 ,198.00 ,1.31,0.07
9/4/2019,106.290001,3128.00 ,198.00 ,1.31,0.07
9/5/2019,108.699997,3128.00 ,198.00 ,1.31,0.07
9/6/2019,108.620003,3128.00 ,198.00 ,1.31,0.07
9/9/2019,106.68,3128.00 ,198.00 ,1.31,0.07
9/10/2019,103.690002,3128.00 ,198.00 ,1.31,0.07
9/11/2019,102,3128.00 ,198.00 ,1.31,0.07
9/12/2019,103.889999,3128.00 ,198.00 ,1.31,0.07
9/13/2019,102.599998,3128.00 ,198.00 ,1.31,0.07
9/16/2019,103.620003,3128.00 ,198.00 ,1.31,0.07
9/17/2019,104.82,3128.00 ,198.00 ,1.31,0.07
9/18/2019,104.339996,3128.00 ,198.00 ,1.31,0.07
9/19/2019,104.910004,3128.00 ,198.00 ,1.31,0.07
9/20/2019,104.080002,3128.00 ,198.00 ,1.31,0.07
9/23/2019,105.040001,3128.00 ,198.00 ,1.31,0.07
9/24/2019,103.760002,3128.00 ,198.00 ,1.31,0.07
9/25/2019,103.940002,3128.00 ,198.00 ,1.31,0.07
9/26/2019,105.07,3128.00 ,198.00 ,1.31,0.07
9/27/2019,102.610001,3128.00 ,198.00 ,1.31,0.07
9/30/2019,103.589996,3128.00 ,198.00 ,1.31,0.07
10/1/2019,103.150002,4045.00 ,247.00 ,1.24,0.05
10/2/2019,100.959999,4045.00 ,247.00 ,1.24,0.05
10/3/2019,103.050003,4045.00 ,247.00 ,1.24,0.05
10/4/2019,105.699997,4045.00 ,247.00 ,1.24,0.05
10/7/2019,104.589996,4045.00 ,247.00 ,1.24,0.05
10/8/2019,103.110001,4045.00 ,247.00 ,1.24,0.05
10/9/2019,104.699997,4045.00 ,247.00 ,1.24,0.05
10/10/2019,105.139999,4045.00 ,247.00 ,1.24,0.05
10/11/2019,105.68,4045.00 ,247.00 ,1.24,0.05
10/14/2019,106.019997,4045.00 ,247.00 ,1.24,0.05
10/15/2019,106.889999,4045.00 ,247.00 ,1.24,0.05
10/16/2019,106.550003,4045.00 ,247.00 ,1.24,0.05
10/17/2019,106.190002,4045.00 ,247.00 ,1.24,0.05
10/18/2019,105.669998,4045.00 ,247.00 ,1.24,0.05
10/21/2019,104.440002,4045.00 ,247.00 ,1.24,0.05
10/22/2019,100.790001,4045.00 ,247.00 ,1.24,0.05
10/23/2019,101.099998,4045.00 ,247.00 ,1.24,0.05
10/24/2019,103.449997,4045.00 ,247.00 ,1.24,0.05
10/25/2019,102.510002,4045.00 ,247.00 ,1.24,0.05
10/28/2019,102.459999,4045.00 ,247.00 ,1.24,0.05
10/29/2019,105.349998,4045.00 ,247.00 ,1.24,0.05
10/30/2019,106.300003,4045.00 ,247.00 ,1.24,0.05
10/31/2019,106.139999,4045.00 ,247.00 ,1.24,0.05
11/1/2019,106.849998,4045.00 ,247.00 ,1.24,0.05
11/4/2019,105.290001,4045.00 ,247.00 ,1.24,0.05
11/5/2019,104,4045.00 ,247.00 ,1.24,0.05
11/6/2019,104.910004,4045.00 ,247.00 ,1.24,0.05
11/7/2019,109.650002,4045.00 ,247.00 ,1.24,0.05
11/8/2019,110.610001,4045.00 ,247.00 ,1.24,0.05
11/11/2019,110.25,4045.00 ,247.00 ,1.24,0.05
11/12/2019,110.650002,4045.00 ,247.00 ,1.24,0.05
11/13/2019,111.330002,4045.00 ,247.00 ,1.24,0.05
11/14/2019,114.099998,4045.00 ,247.00 ,1.24,0.05
11/15/2019,113.910004,4045.00 ,247.00 ,1.24,0.05
11/18/2019,114.5,4045.00 ,247.00 ,1.24,0.05
11/19/2019,116.040001,4045.00 ,247.00 ,1.24,0.05
11/20/2019,115.349998,4045.00 ,247.00 ,1.24,0.05
11/21/2019,114.080002,4045.00 ,247.00 ,1.24,0.05
11/22/2019,113.919998,4045.00 ,247.00 ,1.24,0.05
11/25/2019,114.739998,4045.00 ,247.00 ,1.24,0.05
11/26/2019,116.220001,4045.00 ,247.00 ,1.24,0.05
11/27/2019,116.32,4045.00 ,247.00 ,1.24,0.05
11/29/2019,116.239998,4045.00 ,247.00 ,1.24,0.05
12/2/2019,114.279999,4045.00 ,247.00 ,1.24,0.05
12/3/2019,114.419998,4045.00 ,247.00 ,1.24,0.05
12/4/2019,114.790001,4045.00 ,247.00 ,1.24,0.05
12/5/2019,114.790001,4045.00 ,247.00 ,1.24,0.05
12/6/2019,114.489998,4045.00 ,247.00 ,1.24,0.05
12/9/2019,114.75,4045.00 ,247.00 ,1.24,0.05
12/10/2019,113.839996,4045.00 ,247.00 ,1.24,0.05
12/11/2019,114.610001,4045.00 ,247.00 ,1.24,0.05
12/12/2019,115.18,4045.00 ,247.00 ,1.24,0.05
12/13/2019,116.75,4045.00 ,247.00 ,1.24,0.05
12/16/2019,116.510002,4045.00 ,247.00 ,1.24,0.05
12/17/2019,116.779999,4045.00 ,247.00 ,1.24,0.05
12/18/2019,115.889999,4045.00 ,247.00 ,1.24,0.05
12/19/2019,116.5,4045.00 ,247.00 ,1.24,0.05
12/20/2019,116.669998,4045.00 ,247.00 ,1.24,0.05
12/23/2019,116.330002,4045.00 ,247.00 ,1.24,0.05
12/24/2019,116.629997,4045.00 ,247.00 ,1.24,0.05
12/26/2019,116.029999,4045.00 ,247.00 ,1.24,0.05
12/27/2019,117.080002,4045.00 ,247.00 ,1.24,0.05
12/30/2019,115.470001,4045.00 ,247.00 ,1.24,0.05
12/31/2019,115.629997,4045.00 ,247.00 ,1.24,0.05
1/2/2020,115.519997,3769.00 ,392.00 ,1.18,0.04
1/3/2020,116.370003,3769.00 ,392.00 ,1.18,0.04
1/6/2020,116.93,3769.00 ,392.00 ,1.18,0.04
1/7/2020,116.480003,3769.00 ,392.00 ,1.18,0.04
1/8/2020,116.800003,3769.00 ,392.00 ,1.18,0.04
1/9/2020,117.800003,3769.00 ,392.00 ,1.18,0.04
1/10/2020,117.129997,3769.00 ,392.00 ,1.18,0.04
1/13/2020,118.529999,3769.00 ,392.00 ,1.18,0.04
1/14/2020,117.550003,3769.00 ,392.00 ,1.18,0.04
1/15/2020,118.510002,3769.00 ,392.00 ,1.18,0.04
1/16/2020,120.209999,3769.00 ,392.00 ,1.18,0.04
1/17/2020,120.68,3769.00 ,392.00 ,1.18,0.04
1/21/2020,120.610001,3769.00 ,392.00 ,1.18,0.04
1/22/2020,122.040001,3769.00 ,392.00 ,1.18,0.04
1/23/2020,122.230003,3769.00 ,392.00 ,1.18,0.04
1/24/2020,120.839996,3769.00 ,392.00 ,1.18,0.04
1/27/2020,119.300003,3769.00 ,392.00 ,1.18,0.04
1/28/2020,120.43,3769.00 ,392.00 ,1.18,0.04
1/29/2020,120.040001,3769.00 ,392.00 ,1.18,0.04
1/30/2020,121.230003,3769.00 ,392.00 ,1.18,0.04
1/31/2020,118.610001,3769.00 ,392.00 ,1.18,0.04
2/3/2020,121.940002,3769.00 ,392.00 ,1.18,0.04
2/4/2020,123.889999,3769.00 ,392.00 ,1.18,0.04
2/5/2020,121.669998,3769.00 ,392.00 ,1.18,0.04
2/6/2020,121.669998,3769.00 ,392.00 ,1.18,0.04
2/7/2020,121.860001,3769.00 ,392.00 ,1.18,0.04
2/10/2020,123.209999,3769.00 ,392.00 ,1.18,0.04
2/11/2020,120.709999,3769.00 ,392.00 ,1.18,0.04
2/12/2020,119.139999,3769.00 ,392.00 ,1.18,0.04
2/13/2020,121.059998,3769.00 ,392.00 ,1.18,0.04
2/14/2020,122.32,3769.00 ,392.00 ,1.18,0.04
2/18/2020,122.25,3769.00 ,392.00 ,1.18,0.04
2/19/2020,123.550003,3769.00 ,392.00 ,1.18,0.04
2/20/2020,121.839996,3769.00 ,392.00 ,1.18,0.04
2/21/2020,119.489998,3769.00 ,392.00 ,1.18,0.04
2/24/2020,116.589996,3769.00 ,392.00 ,1.18,0.04
2/25/2020,113.25,3769.00 ,392.00 ,1.18,0.04
2/26/2020,112.870003,3769.00 ,392.00 ,1.18,0.04
2/27/2020,108.540001,3769.00 ,392.00 ,1.18,0.04
2/28/2020,109.360001,3769.00 ,392.00 ,1.18,0.04
3/2/2020,114.230003,3769.00 ,392.00 ,1.18,0.04
3/3/2020,109.370003,3769.00 ,392.00 ,1.18,0.04
3/4/2020,112.18,3769.00 ,392.00 ,1.18,0.04
3/5/2020,109.25,3769.00 ,392.00 ,1.18,0.04
3/6/2020,106.809998,3769.00 ,392.00 ,1.18,0.04
3/9/2020,100.029999,3769.00 ,392.00 ,1.18,0.04
3/10/2020,107.029999,3769.00 ,392.00 ,1.18,0.04
3/11/2020,102.419998,3769.00 ,392.00 ,1.18,0.04
3/12/2020,94.919998,3769.00 ,392.00 ,1.18,0.04
3/13/2020,103.419998,3769.00 ,392.00 ,1.18,0.04
3/16/2020,86.18,3769.00 ,392.00 ,1.18,0.04
3/17/2020,90.889999,3769.00 ,392.00 ,1.18,0.04
3/18/2020,80.949997,3769.00 ,392.00 ,1.18,0.04
3/19/2020,84.459999,3769.00 ,392.00 ,1.18,0.04
3/20/2020,81.769997,3769.00 ,392.00 ,1.18,0.04
3/23/2020,77,3769.00 ,392.00 ,1.18,0.04
3/24/2020,86.650002,3769.00 ,392.00 ,1.18,0.04
3/25/2020,91.199997,3769.00 ,392.00 ,1.18,0.04
3/26/2020,97.690002,3769.00 ,392.00 ,1.18,0.04
3/27/2020,93.949997,3769.00 ,392.00 ,1.18,0.04
3/30/2020,98.330002,3769.00 ,392.00 ,1.18,0.04
3/31/2020,94.989998,3769.00 ,392.00 ,1.18,0.04
4/1/2020,88.010002,3465.00 ,2.00 ,1.33,0.03
4/2/2020,88.75,3465.00 ,2.00 ,1.33,0.03
4/3/2020,86.190002,3465.00 ,2.00 ,1.33,0.03
4/6/2020,95.860001,3465.00 ,2.00 ,1.33,0.03
4/7/2020,94.620003,3465.00 ,2.00 ,1.33,0.03
4/8/2020,98.370003,3465.00 ,2.00 ,1.33,0.03
4/9/2020,99.220001,3465.00 ,2.00 ,1.33,0.03
4/13/2020,96.970001,3465.00 ,2.00 ,1.33,0.03
4/14/2020,96.849998,3465.00 ,2.00 ,1.33,0.03
4/15/2020,93.660004,3465.00 ,2.00 ,1.33,0.03
4/16/2020,95.730003,3465.00 ,2.00 ,1.33,0.03
4/17/2020,100.629997,3465.00 ,2.00 ,1.33,0.03
4/20/2020,97.239998,3465.00 ,2.00 ,1.33,0.03
4/21/2020,91.760002,3465.00 ,2.00 ,1.33,0.03
4/22/2020,95.400002,3465.00 ,2.00 ,1.33,0.03
4/23/2020,94.610001,3465.00 ,2.00 ,1.33,0.03
4/24/2020,96.290001,3465.00 ,2.00 ,1.33,0.03
4/27/2020,99.18,3465.00 ,2.00 ,1.33,0.03
4/28/2020,99.779999,3465.00 ,2.00 ,1.33,0.03
4/29/2020,104.730003,3465.00 ,2.00 ,1.33,0.03
4/30/2020,103.059998,3465.00 ,2.00 ,1.33,0.03
5/1/2020,100.25,3465.00 ,2.00 ,1.33,0.03
5/4/2020,101.540001,3465.00 ,2.00 ,1.33,0.03
5/5/2020,103.830002,3465.00 ,2.00 ,1.33,0.03
5/6/2020,105.489998,3465.00 ,2.00 ,1.33,0.03
5/7/2020,107.32,3465.00 ,2.00 ,1.33,0.03
5/8/2020,104.779999,3465.00 ,2.00 ,1.33,0.03
5/11/2020,101.730003,3465.00 ,2.00 ,1.33,0.03
5/12/2020,100.269997,3465.00 ,2.00 ,1.33,0.03
5/13/2020,98.860001,3465.00 ,2.00 ,1.33,0.03
5/14/2020,99.32,3465.00 ,2.00 ,1.33,0.03
5/15/2020,100.019997,3465.00 ,2.00 ,1.33,0.03
5/18/2020,105.050003,3465.00 ,2.00 ,1.33,0.03
5/19/2020,102.480003,3465.00 ,2.00 ,1.33,0.03
5/20/2020,105.800003,3465.00 ,2.00 ,1.33,0.03
5/21/2020,103.580002,3465.00 ,2.00 ,1.33,0.03
5/22/2020,103.93,3465.00 ,2.00 ,1.33,0.03
5/26/2020,105.239998,3465.00 ,2.00 ,1.33,0.03
5/27/2020,105.349998,3465.00 ,2.00 ,1.33,0.03
5/28/2020,106.190002,3465.00 ,2.00 ,1.33,0.03
5/29/2020,106.769997,3465.00 ,2.00 ,1.33,0.03
6/1/2020,108.870003,3465.00 ,2.00 ,1.33,0.03
6/2/2020,107.82,3465.00 ,2.00 ,1.33,0.03
6/3/2020,108.839996,3465.00 ,2.00 ,1.33,0.03
6/4/2020,105.75,3465.00 ,2.00 ,1.33,0.03
6/5/2020,109.550003,3465.00 ,2.00 ,1.33,0.03
6/8/2020,106.879997,3465.00 ,2.00 ,1.33,0.03
6/9/2020,107.389999,3465.00 ,2.00 ,1.33,0.03
6/10/2020,106.669998,3465.00 ,2.00 ,1.33,0.03
6/11/2020,99.849998,3465.00 ,2.00 ,1.33,0.03
6/12/2020,100.339996,3465.00 ,2.00 ,1.33,0.03
6/15/2020,99.940002,3465.00 ,2.00 ,1.33,0.03
6/16/2020,103.32,3465.00 ,2.00 ,1.33,0.03
6/17/2020,103.150002,3465.00 ,2.00 ,1.33,0.03
6/18/2020,104.029999,3465.00 ,2.00 ,1.33,0.03
6/19/2020,100.050003,3465.00 ,2.00 ,1.33,0.03
6/22/2020,101.290001,3465.00 ,2.00 ,1.33,0.03
6/23/2020,101.959999,3465.00 ,2.00 ,1.33,0.03
6/24/2020,96.610001,3465.00 ,2.00 ,1.33,0.03
6/25/2020,97.43,3465.00 ,2.00 ,1.33,0.03
6/26/2020,94.919998,3465.00 ,2.00 ,1.33,0.03
6/29/2020,97.010002,3465.00 ,2.00 ,1.33,0.03
6/30/2020,97.620003,3465.00 ,2.00 ,1.33,0.03
7/1/2020,98.5,3786.00 ,264.00 ,1.23,0.03
7/2/2020,98.25,3786.00 ,264.00 ,1.23,0.03
7/6/2020,98.110001,3786.00 ,264.00 ,1.23,0.03
7/7/2020,96.809998,3786.00 ,264.00 ,1.23,0.03
7/8/2020,97.099998,3786.00 ,264.00 ,1.23,0.03
7/9/2020,94.82,3786.00 ,264.00 ,1.23,0.03
7/10/2020,95.980003,3786.00 ,264.00 ,1.23,0.03
7/13/2020,94.360001,3786.00 ,264.00 ,1.23,0.03
7/14/2020,97.540001,3786.00 ,264.00 ,1.23,0.03
7/15/2020,100.739998,3786.00 ,264.00 ,1.23,0.03
7/16/2020,99.379997,3786.00 ,264.00 ,1.23,0.03
7/17/2020,102.599998,3786.00 ,264.00 ,1.23,0.03
7/20/2020,102.07,3786.00 ,264.00 ,1.23,0.03
7/21/2020,101.610001,3786.00 ,264.00 ,1.23,0.03
7/22/2020,102.440002,3786.00 ,264.00 ,1.23,0.03
7/23/2020,102.190002,3786.00 ,264.00 ,1.23,0.03
7/24/2020,100.629997,3786.00 ,264.00 ,1.23,0.03
7/27/2020,101.150002,3786.00 ,264.00 ,1.23,0.03
7/28/2020,99.900002,3786.00 ,264.00 ,1.23,0.03
7/29/2020,101.370003,3786.00 ,264.00 ,1.23,0.03
7/30/2020,100.449997,3786.00 ,264.00 ,1.23,0.03
7/31/2020,99.790001,3786.00 ,264.00 ,1.23,0.03
8/3/2020,100.540001,3786.00 ,264.00 ,1.23,0.03
8/4/2020,99.650002,3786.00 ,264.00 ,1.23,0.03
8/5/2020,98,3786.00 ,264.00 ,1.23,0.03
8/6/2020,102.379997,3786.00 ,264.00 ,1.23,0.03
8/7/2020,103.910004,3786.00 ,264.00 ,1.23,0.03
8/10/2020,99.339996,3786.00 ,264.00 ,1.23,0.03
8/11/2020,98.220001,3786.00 ,264.00 ,1.23,0.03
8/12/2020,97.970001,3786.00 ,264.00 ,1.23,0.03
8/13/2020,99.480003,3786.00 ,264.00 ,1.23,0.03
8/14/2020,99.769997,3786.00 ,264.00 ,1.23,0.03
8/17/2020,102.18,3786.00 ,264.00 ,1.23,0.03
8/18/2020,102.669998,3786.00 ,264.00 ,1.23,0.03
8/19/2020,100.440002,3786.00 ,264.00 ,1.23,0.03
8/20/2020,97,3786.00 ,264.00 ,1.23,0.03
8/21/2020,95.629997,3786.00 ,264.00 ,1.23,0.03
8/24/2020,96.220001,3786.00 ,264.00 ,1.23,0.03
8/25/2020,98.239998,3786.00 ,264.00 ,1.23,0.03
8/26/2020,97.940002,3786.00 ,264.00 ,1.23,0.03
8/27/2020,99,3786.00 ,264.00 ,1.23,0.03
8/28/2020,100.160004,3786.00 ,264.00 ,1.23,0.03
8/31/2020,99.580002,3786.00 ,264.00 ,1.23,0.03
9/1/2020,99.370003,3786.00 ,264.00 ,1.23,0.03
9/2/2020,103.129997,3786.00 ,264.00 ,1.23,0.03
9/3/2020,100.660004,3786.00 ,264.00 ,1.23,0.03
9/4/2020,99.029999,3786.00 ,264.00 ,1.23,0.03
9/8/2020,94.980003,3786.00 ,264.00 ,1.23,0.03
9/9/2020,96.43,3786.00 ,264.00 ,1.23,0.03
9/10/2020,95,3786.00 ,264.00 ,1.23,0.03
9/11/2020,93.059998,3786.00 ,264.00 ,1.23,0.03
9/14/2020,97.169998,3786.00 ,264.00 ,1.23,0.03
9/15/2020,100.589996,3786.00 ,264.00 ,1.23,0.03
9/16/2020,102.260002,3786.00 ,264.00 ,1.23,0.03
9/17/2020,103.800003,3786.00 ,264.00 ,1.23,0.03
9/18/2020,103.5,3786.00 ,264.00 ,1.23,0.03
9/21/2020,99.610001,3786.00 ,264.00 ,1.23,0.03
9/22/2020,101.089996,3786.00 ,264.00 ,1.23,0.03
9/23/2020,99.349998,3786.00 ,264.00 ,1.23,0.03
9/24/2020,98.279999,3786.00 ,264.00 ,1.23,0.03
9/25/2020,102.129997,3786.00 ,264.00 ,1.23,0.03
9/28/2020,104.07,3786.00 ,264.00 ,1.23,0.03
9/29/2020,103.589996,3786.00 ,264.00 ,1.23,0.03
9/30/2020,103.050003,3786.00 ,264.00 ,1.23,0.03
10/1/2020,104.25,3832.00 ,300.00 ,1.26,0.03
10/2/2020,101.650002,3832.00 ,300.00 ,1.26,0.03
10/5/2020,100.82,3832.00 ,300.00 ,1.26,0.03
10/6/2020,102.360001,3832.00 ,300.00 ,1.26,0.03
10/7/2020,102.419998,3832.00 ,300.00 ,1.26,0.03
10/8/2020,103.389999,3832.00 ,300.00 ,1.26,0.03
10/9/2020,105.110001,3832.00 ,300.00 ,1.26,0.03
10/12/2020,106.68,3832.00 ,300.00 ,1.26,0.03
10/13/2020,104.760002,3832.00 ,300.00 ,1.26,0.03
10/14/2020,102.709999,3832.00 ,300.00 ,1.26,0.03
10/15/2020,101.809998,3832.00 ,300.00 ,1.26,0.03
10/16/2020,101.220001,3832.00 ,300.00 ,1.26,0.03
10/19/2020,98.739998,3832.00 ,300.00 ,1.26,0.03
10/20/2020,99.529999,3832.00 ,300.00 ,1.26,0.03
10/21/2020,99.360001,3832.00 ,300.00 ,1.26,0.03
10/22/2020,100.879997,3832.00 ,300.00 ,1.26,0.03
10/23/2020,101.18,3832.00 ,300.00 ,1.26,0.03
10/26/2020,98.379997,3832.00 ,300.00 ,1.26,0.03
10/27/2020,96.610001,3832.00 ,300.00 ,1.26,0.03
10/28/2020,93.519997,3832.00 ,300.00 ,1.26,0.03
10/29/2020,95.769997,3832.00 ,300.00 ,1.26,0.03
10/30/2020,95.470001,3832.00 ,300.00 ,1.26,0.03
11/2/2020,97.290001,3832.00 ,300.00 ,1.26,0.03
11/3/2020,98.949997,3832.00 ,300.00 ,1.26,0.03
11/4/2020,101.190002,3832.00 ,300.00 ,1.26,0.03
11/5/2020,102.160004,3832.00 ,300.00 ,1.26,0.03
11/6/2020,103.07,3832.00 ,300.00 ,1.26,0.03
11/9/2020,109.099998,3832.00 ,300.00 ,1.26,0.03
11/10/2020,106.800003,3832.00 ,300.00 ,1.26,0.03
11/11/2020,107.360001,3832.00 ,300.00 ,1.26,0.03
11/12/2020,105.699997,3832.00 ,300.00 ,1.26,0.03
11/13/2020,108.849998,3832.00 ,300.00 ,1.26,0.03
11/16/2020,109.709999,3832.00 ,300.00 ,1.26,0.03
11/17/2020,109.949997,3832.00 ,300.00 ,1.26,0.03
11/18/2020,107.970001,3832.00 ,300.00 ,1.26,0.03
11/19/2020,113.019997,3832.00 ,300.00 ,1.26,0.03
11/20/2020,113.07,3832.00 ,300.00 ,1.26,0.03
11/23/2020,112.099998,3832.00 ,300.00 ,1.26,0.03
11/24/2020,114.879997,3832.00 ,300.00 ,1.26,0.03
11/25/2020,114.980003,3832.00 ,300.00 ,1.26,0.03
11/27/2020,115.529999,3832.00 ,300.00 ,1.26,0.03
11/30/2020,115.18,3832.00 ,300.00 ,1.26,0.03
12/1/2020,115.790001,3832.00 ,300.00 ,1.26,0.03
12/2/2020,115.519997,3832.00 ,300.00 ,1.26,0.03
12/3/2020,116.050003,3832.00 ,300.00 ,1.26,0.03
12/4/2020,117.129997,3832.00 ,300.00 ,1.26,0.03
12/7/2020,116.93,3832.00 ,300.00 ,1.26,0.03
12/8/2020,117.989998,3832.00 ,300.00 ,1.26,0.03
12/9/2020,114.580002,3832.00 ,300.00 ,1.26,0.03
12/10/2020,114.830002,3832.00 ,300.00 ,1.26,0.03
12/11/2020,114.82,3832.00 ,300.00 ,1.26,0.03
12/14/2020,113.629997,3832.00 ,300.00 ,1.26,0.03
12/15/2020,114.68,3832.00 ,300.00 ,1.26,0.03
12/16/2020,114.169998,3832.00 ,300.00 ,1.26,0.03
12/17/2020,114.699997,3832.00 ,300.00 ,1.26,0.03
12/18/2020,114.809998,3832.00 ,300.00 ,1.26,0.03
12/21/2020,112.489998,3832.00 ,300.00 ,1.26,0.03
12/22/2020,110.519997,3832.00 ,300.00 ,1.26,0.03
12/23/2020,110.639999,3832.00 ,300.00 ,1.26,0.03
12/24/2020,112.629997,3832.00 ,300.00 ,1.26,0.03
12/28/2020,112.669998,3832.00 ,300.00 ,1.26,0.03
12/29/2020,111.870003,3832.00 ,300.00 ,1.26,0.03
12/30/2020,112.879997,3832.00 ,300.00 ,1.26,0.03
12/31/2020,113.860001,3832.00 ,300.00 ,1.26,0.03
1/4/2021,111.919998,3755.00 ,304.00 ,1.3,0.03
1/5/2021,112.360001,3755.00 ,304.00 ,1.3,0.03
1/6/2021,114.18,3755.00 ,304.00 ,1.3,0.03
1/7/2021,114.43,3755.00 ,304.00 ,1.3,0.03
1/8/2021,116.790001,3755.00 ,304.00 ,1.3,0.03
1/11/2021,115.050003,3755.00 ,304.00 ,1.3,0.03
1/12/2021,111.199997,3755.00 ,304.00 ,1.3,0.03
1/13/2021,110.239998,3755.00 ,304.00 ,1.3,0.03
1/14/2021,107.980003,3755.00 ,304.00 ,1.3,0.03
1/15/2021,108.199997,3755.00 ,304.00 ,1.3,0.03
1/19/2021,107.669998,3755.00 ,304.00 ,1.3,0.03
1/20/2021,109.139999,3755.00 ,304.00 ,1.3,0.03
1/21/2021,108.949997,3755.00 ,304.00 ,1.3,0.03
1/22/2021,107.279999,3755.00 ,304.00 ,1.3,0.03
1/25/2021,106.709999,3755.00 ,304.00 ,1.3,0.03
1/26/2021,106.209999,3755.00 ,304.00 ,1.3,0.03
1/27/2021,103.220001,3755.00 ,304.00 ,1.3,0.03
1/28/2021,105.25,3755.00 ,304.00 ,1.3,0.03
1/29/2021,102.690002,3755.00 ,304.00 ,1.3,0.03
2/1/2021,106.5,3755.00 ,304.00 ,1.3,0.03
2/2/2021,110.019997,3755.00 ,304.00 ,1.3,0.03
2/3/2021,110.199997,3755.00 ,304.00 ,1.3,0.03
2/4/2021,112.239998,3755.00 ,304.00 ,1.3,0.03
2/5/2021,112.220001,3755.00 ,304.00 ,1.3,0.03
2/8/2021,113.400002,3755.00 ,304.00 ,1.3,0.03
2/9/2021,113.449997,3755.00 ,304.00 ,1.3,0.03
2/10/2021,109.419998,3755.00 ,304.00 ,1.3,0.03
2/11/2021,108.480003,3755.00 ,304.00 ,1.3,0.03
2/12/2021,109.989998,3755.00 ,304.00 ,1.3,0.03
2/16/2021,110.199997,3755.00 ,304.00 ,1.3,0.03
2/17/2021,111.07,3755.00 ,304.00 ,1.3,0.03
2/18/2021,113.050003,3755.00 ,304.00 ,1.3,0.03
2/19/2021,111.360001,3755.00 ,304.00 ,1.3,0.03
2/22/2021,113.360001,3755.00 ,304.00 ,1.3,0.03
2/23/2021,115.599998,3755.00 ,304.00 ,1.3,0.03
2/24/2021,119.07,3755.00 ,304.00 ,1.3,0.03
2/25/2021,116.290001,3755.00 ,304.00 ,1.3,0.03
2/26/2021,115.370003,3755.00 ,304.00 ,1.3,0.03
3/1/2021,116.68,3755.00 ,304.00 ,1.3,0.03
3/2/2021,115.68,3755.00 ,304.00 ,1.3,0.03
3/3/2021,115.800003,3755.00 ,304.00 ,1.3,0.03
3/4/2021,115.550003,3755.00 ,304.00 ,1.3,0.03
3/5/2021,119.690002,3755.00 ,304.00 ,1.3,0.03
3/8/2021,121.5,3755.00 ,304.00 ,1.3,0.03
3/9/2021,122.5,3755.00 ,304.00 ,1.3,0.03
3/10/2021,123.860001,3755.00 ,304.00 ,1.3,0.03
3/11/2021,124.110001,3755.00 ,304.00 ,1.3,0.03
3/12/2021,124.129997,3755.00 ,304.00 ,1.3,0.03
3/15/2021,124,3755.00 ,304.00 ,1.3,0.03
3/16/2021,124.120003,3755.00 ,304.00 ,1.3,0.03
3/17/2021,123.529999,3755.00 ,304.00 ,1.3,0.03
3/18/2021,122.410004,3755.00 ,304.00 ,1.3,0.03
3/19/2021,121.870003,3755.00 ,304.00 ,1.3,0.03
3/22/2021,121.709999,3755.00 ,304.00 ,1.3,0.03
3/23/2021,121.290001,3755.00 ,304.00 ,1.3,0.03
3/24/2021,123.25,3755.00 ,304.00 ,1.3,0.03
3/25/2021,122.949997,3755.00 ,304.00 ,1.3,0.03
3/26/2021,123.610001,3755.00 ,304.00 ,1.3,0.03
3/29/2021,121.489998,3755.00 ,304.00 ,1.3,0.03
3/30/2021,120.760002,3755.00 ,304.00 ,1.3,0.03
3/31/2021,119.040001,3755.00 ,304.00 ,1.3,0.03
4/1/2021,122.169998,4051.00 ,269.00 ,1.33,0.04
4/5/2021,122.870003,4051.00 ,269.00 ,1.33,0.04
4/6/2021,123.690002,4051.00 ,269.00 ,1.33,0.04
4/7/2021,123.120003,4051.00 ,269.00 ,1.33,0.04
4/8/2021,124.150002,4051.00 ,269.00 ,1.33,0.04
4/9/2021,124.290001,4051.00 ,269.00 ,1.33,0.04
4/12/2021,124.129997,4051.00 ,269.00 ,1.33,0.04
4/13/2021,124.5,4051.00 ,269.00 ,1.33,0.04
4/14/2021,123.849998,4051.00 ,269.00 ,1.33,0.04
4/15/2021,125.529999,4051.00 ,269.00 ,1.33,0.04
4/16/2021,125.089996,4051.00 ,269.00 ,1.33,0.04
4/19/2021,125.129997,4051.00 ,269.00 ,1.33,0.04
4/20/2021,124.559998,4051.00 ,269.00 ,1.33,0.04
4/21/2021,124.82,4051.00 ,269.00 ,1.33,0.04
4/22/2021,124.629997,4051.00 ,269.00 ,1.33,0.04
4/23/2021,126.019997,4051.00 ,269.00 ,1.33,0.04
4/26/2021,126.550003,4051.00 ,269.00 ,1.33,0.04
4/27/2021,121.660004,4051.00 ,269.00 ,1.33,0.04
4/28/2021,123.419998,4051.00 ,269.00 ,1.33,0.04
4/29/2021,122.260002,4051.00 ,269.00 ,1.33,0.04
4/30/2021,120.120003,4051.00 ,269.00 ,1.33,0.04
5/3/2021,120.07,4051.00 ,269.00 ,1.33,0.04
5/4/2021,118.040001,4051.00 ,269.00 ,1.33,0.04
5/5/2021,116.589996,4051.00 ,269.00 ,1.33,0.04
5/6/2021,118.129997,4051.00 ,269.00 ,1.33,0.04
5/7/2021,117.650002,4051.00 ,269.00 ,1.33,0.04
5/10/2021,116.150002,4051.00 ,269.00 ,1.33,0.04
5/11/2021,114.830002,4051.00 ,269.00 ,1.33,0.04
5/12/2021,113.040001,4051.00 ,269.00 ,1.33,0.04
5/13/2021,113.510002,4051.00 ,269.00 ,1.33,0.04
5/14/2021,114.410004,4051.00 ,269.00 ,1.33,0.04
5/17/2021,112.82,4051.00 ,269.00 ,1.33,0.04
5/18/2021,113.699997,4051.00 ,269.00 ,1.33,0.04
5/19/2021,113.07,4051.00 ,269.00 ,1.33,0.04
5/20/2021,114.620003,4051.00 ,269.00 ,1.33,0.04
5/21/2021,114.220001,4051.00 ,269.00 ,1.33,0.04
5/24/2021,115.860001,4051.00 ,269.00 ,1.33,0.04
5/25/2021,115.709999,4051.00 ,269.00 ,1.33,0.04
5/26/2021,115.349998,4051.00 ,269.00 ,1.33,0.04
5/27/2021,115.650002,4051.00 ,269.00 ,1.33,0.04
5/28/2021,115.199997,4051.00 ,269.00 ,1.33,0.04
6/1/2021,114.43,4051.00 ,269.00 ,1.33,0.04
6/2/2021,114.889999,4051.00 ,269.00 ,1.33,0.04
6/3/2021,113.059998,4051.00 ,269.00 ,1.33,0.04
6/4/2021,113.400002,4051.00 ,269.00 ,1.33,0.04
6/7/2021,109.660004,4051.00 ,269.00 ,1.33,0.04
6/8/2021,109.809998,4051.00 ,269.00 ,1.33,0.04
6/9/2021,111.110001,4051.00 ,269.00 ,1.33,0.04
6/10/2021,109.489998,4051.00 ,269.00 ,1.33,0.04
6/11/2021,110.199997,4051.00 ,269.00 ,1.33,0.04
6/14/2021,109.110001,4051.00 ,269.00 ,1.33,0.04
6/15/2021,109.730003,4051.00 ,269.00 ,1.33,0.04
6/16/2021,108.199997,4051.00 ,269.00 ,1.33,0.04
6/17/2021,109.050003,4051.00 ,269.00 ,1.33,0.04
6/18/2021,107.559998,4051.00 ,269.00 ,1.33,0.04
6/21/2021,108.489998,4051.00 ,269.00 ,1.33,0.04
6/22/2021,108.300003,4051.00 ,269.00 ,1.33,0.04
6/23/2021,107.370003,4051.00 ,269.00 ,1.33,0.04
6/24/2021,108.5,4051.00 ,269.00 ,1.33,0.04
6/25/2021,108.989998,4051.00 ,269.00 ,1.33,0.04
6/28/2021,108.129997,4051.00 ,269.00 ,1.33,0.04
6/29/2021,106.589996,4051.00 ,269.00 ,1.33,0.04
6/30/2021,106.889999,4051.00 ,269.00 ,1.33,0.04
7/1/2021,108.339996,4163.00 ,428.00 ,1.34,0.04
7/2/2021,109.269997,4163.00 ,428.00 ,1.34,0.04
7/6/2021,108.699997,4163.00 ,428.00 ,1.34,0.04
7/7/2021,109.139999,4163.00 ,428.00 ,1.34,0.04
7/8/2021,107.739998,4163.00 ,428.00 ,1.34,0.04
7/9/2021,108.940002,4163.00 ,428.00 ,1.34,0.04
7/12/2021,108.830002,4163.00 ,428.00 ,1.34,0.04
7/13/2021,110.089996,4163.00 ,428.00 ,1.34,0.04
7/14/2021,109.739998,4163.00 ,428.00 ,1.34,0.04
7/15/2021,110.800003,4163.00 ,428.00 ,1.34,0.04
7/16/2021,111.199997,4163.00 ,428.00 ,1.34,0.04
7/19/2021,106.660004,4163.00 ,428.00 ,1.34,0.04
7/20/2021,108.839996,4163.00 ,428.00 ,1.34,0.04
7/21/2021,110.040001,4163.00 ,428.00 ,1.34,0.04
7/22/2021,110.050003,4163.00 ,428.00 ,1.34,0.04
7/23/2021,111.790001,4163.00 ,428.00 ,1.34,0.04
7/26/2021,111.349998,4163.00 ,428.00 ,1.34,0.04
7/27/2021,114.68,4163.00 ,428.00 ,1.34,0.04
7/28/2021,113.910004,4163.00 ,428.00 ,1.34,0.04
7/29/2021,114.459999,4163.00 ,428.00 ,1.34,0.04
7/30/2021,115.110001,4163.00 ,428.00 ,1.34,0.04
8/2/2021,109.75,4163.00 ,428.00 ,1.34,0.04
8/3/2021,108.199997,4163.00 ,428.00 ,1.34,0.04
8/4/2021,108.739998,4163.00 ,428.00 ,1.34,0.04
8/5/2021,109.639999,4163.00 ,428.00 ,1.34,0.04
8/6/2021,110.889999,4163.00 ,428.00 ,1.34,0.04
8/9/2021,110.32,4163.00 ,428.00 ,1.34,0.04
8/10/2021,111,4163.00 ,428.00 ,1.34,0.04
8/11/2021,111.809998,4163.00 ,428.00 ,1.34,0.04
8/12/2021,110.959999,4163.00 ,428.00 ,1.34,0.04
8/13/2021,111.620003,4163.00 ,428.00 ,1.34,0.04
8/16/2021,112.339996,4163.00 ,428.00 ,1.34,0.04
8/17/2021,112.93,4163.00 ,428.00 ,1.34,0.04
8/18/2021,114.260002,4163.00 ,428.00 ,1.34,0.04
8/19/2021,116.25,4163.00 ,428.00 ,1.34,0.04
8/20/2021,116.089996,4163.00 ,428.00 ,1.34,0.04
8/23/2021,117.870003,4163.00 ,428.00 ,1.34,0.04
8/24/2021,118.620003,4163.00 ,428.00 ,1.34,0.04
8/25/2021,119.110001,4163.00 ,428.00 ,1.34,0.04
8/26/2021,117.410004,4163.00 ,428.00 ,1.34,0.04
8/27/2021,117.940002,4163.00 ,428.00 ,1.34,0.04
8/30/2021,116.959999,4163.00 ,428.00 ,1.34,0.04
8/31/2021,117.790001,4163.00 ,428.00 ,1.34,0.04
9/1/2021,118.339996,4163.00 ,428.00 ,1.34,0.04
9/2/2021,115.830002,4163.00 ,428.00 ,1.34,0.04
9/3/2021,115.660004,4163.00 ,428.00 ,1.34,0.04
9/7/2021,115,4163.00 ,428.00 ,1.34,0.04
9/8/2021,117,4163.00 ,428.00 ,1.34,0.04
9/9/2021,115.010002,4163.00 ,428.00 ,1.34,0.04
9/10/2021,110.68,4163.00 ,428.00 ,1.34,0.04
9/13/2021,110.07,4163.00 ,428.00 ,1.34,0.04
9/14/2021,107.389999,4163.00 ,428.00 ,1.34,0.04
9/15/2021,108.360001,4163.00 ,428.00 ,1.34,0.04
9/16/2021,108.550003,4163.00 ,428.00 ,1.34,0.04
9/17/2021,108.620003,4163.00 ,428.00 ,1.34,0.04
9/20/2021,107.330002,4163.00 ,428.00 ,1.34,0.04
9/21/2021,106.209999,4163.00 ,428.00 ,1.34,0.04
9/22/2021,108.690002,4163.00 ,428.00 ,1.34,0.04
9/23/2021,110.239998,4163.00 ,428.00 ,1.34,0.04
9/24/2021,109.739998,4163.00 ,428.00 ,1.34,0.04
9/27/2021,109.139999,4163.00 ,428.00 ,1.34,0.04
9/28/2021,109.330002,4163.00 ,428.00 ,1.34,0.04
9/29/2021,110.669998,4163.00 ,428.00 ,1.34,0.04
9/30/2021,108.5,4163.00 ,428.00 ,1.34,0.04
10/1/2021,109.779999,4257.00 ,333.00 ,1.41,0.04
10/4/2021,108.260002,4257.00 ,333.00 ,1.41,0.04
10/5/2021,108.019997,4257.00 ,333.00 ,1.41,0.04
10/6/2021,108.480003,4257.00 ,333.00 ,1.41,0.04
10/7/2021,109.260002,4257.00 ,333.00 ,1.41,0.04
10/8/2021,107.889999,4257.00 ,333.00 ,1.41,0.04
10/11/2021,103.769997,4257.00 ,333.00 ,1.41,0.04
10/12/2021,104.300003,4257.00 ,333.00 ,1.41,0.04
10/13/2021,104.339996,4257.00 ,333.00 ,1.41,0.04
10/14/2021,107.779999,4257.00 ,333.00 ,1.41,0.04
10/15/2021,109.800003,4257.00 ,333.00 ,1.41,0.04
10/18/2021,110.010002,4257.00 ,333.00 ,1.41,0.04
10/19/2021,111.290001,4257.00 ,333.00 ,1.41,0.04
10/20/2021,110.110001,4257.00 ,333.00 ,1.41,0.04
10/21/2021,110.160004,4257.00 ,333.00 ,1.41,0.04
10/22/2021,110.18,4257.00 ,333.00 ,1.41,0.04
10/25/2021,111.110001,4257.00 ,333.00 ,1.41,0.04
10/26/2021,109.839996,4257.00 ,333.00 ,1.41,0.04
10/27/2021,98.830002,4257.00 ,333.00 ,1.41,0.04
10/28/2021,98.529999,4257.00 ,333.00 ,1.41,0.04
10/29/2021,98.489998,4257.00 ,333.00 ,1.41,0.04
11/1/2021,101.989998,4257.00 ,333.00 ,1.41,0.04
11/2/2021,99.379997,4257.00 ,333.00 ,1.41,0.04
11/3/2021,101.459999,4257.00 ,333.00 ,1.41,0.04
11/4/2021,101.970001,4257.00 ,333.00 ,1.41,0.04
11/5/2021,100.360001,4257.00 ,333.00 ,1.41,0.04
11/8/2021,100.019997,4257.00 ,333.00 ,1.41,0.04
11/9/2021,99.620003,4257.00 ,333.00 ,1.41,0.04
11/10/2021,100.25,4257.00 ,333.00 ,1.41,0.04
11/11/2021,99.919998,4257.00 ,333.00 ,1.41,0.04
11/12/2021,100.82,4257.00 ,333.00 ,1.41,0.04
11/15/2021,101.839996,4257.00 ,333.00 ,1.41,0.04
11/16/2021,102.110001,4257.00 ,333.00 ,1.41,0.04
11/17/2021,100.879997,4257.00 ,333.00 ,1.41,0.04
11/18/2021,101.25,4257.00 ,333.00 ,1.41,0.04
11/19/2021,100.059998,4257.00 ,333.00 ,1.41,0.04
11/22/2021,95.709999,4257.00 ,333.00 ,1.41,0.04
11/23/2021,96.110001,4257.00 ,333.00 ,1.41,0.04
11/24/2021,99.309998,4257.00 ,333.00 ,1.41,0.04
11/26/2021,98.25,4257.00 ,333.00 ,1.41,0.04
11/29/2021,97.470001,4257.00 ,333.00 ,1.41,0.04
11/30/2021,96.519997,4257.00 ,333.00 ,1.41,0.04
12/1/2021,95.550003,4257.00 ,333.00 ,1.41,0.04
12/2/2021,99.860001,4257.00 ,333.00 ,1.41,0.04
12/3/2021,100.5,4257.00 ,333.00 ,1.41,0.04
12/6/2021,103.129997,4257.00 ,333.00 ,1.41,0.04
12/7/2021,103.129997,4257.00 ,333.00 ,1.41,0.04
12/8/2021,103.949997,4257.00 ,333.00 ,1.41,0.04
12/9/2021,103.529999,4257.00 ,333.00 ,1.41,0.04
12/10/2021,103.190002,4257.00 ,333.00 ,1.41,0.04
12/13/2021,104.290001,4257.00 ,333.00 ,1.41,0.04
12/14/2021,104.230003,4257.00 ,333.00 ,1.41,0.04
12/15/2021,103.660004,4257.00 ,333.00 ,1.41,0.04
12/16/2021,104.82,4257.00 ,333.00 ,1.41,0.04
12/17/2021,103.650002,4257.00 ,333.00 ,1.41,0.04
12/20/2021,100.519997,4257.00 ,333.00 ,1.41,0.04
12/21/2021,105.260002,4257.00 ,333.00 ,1.41,0.04
12/22/2021,106.190002,4257.00 ,333.00 ,1.41,0.04
12/23/2021,105.540001,4257.00 ,333.00 ,1.41,0.04
12/27/2021,103.940002,4257.00 ,333.00 ,1.41,0.04
12/28/2021,104.699997,4257.00 ,333.00 ,1.41,0.04
12/29/2021,104.269997,4257.00 ,333.00 ,1.41,0.04
12/30/2021,104.519997,4257.00 ,333.00 ,1.41,0.04
12/31/2021,103.790001,4257.00 ,333.00 ,1.41,0.04
1/3/2022,107.620003,4138.00 ,669.00 ,1.36,0.05
1/4/2022,109,4138.00 ,669.00 ,1.36,0.05
1/5/2022,108.360001,4138.00 ,669.00 ,1.36,0.05
1/6/2022,109.139999,4138.00 ,669.00 ,1.36,0.05
1/7/2022,108.830002,4138.00 ,669.00 ,1.36,0.05
1/10/2022,107.75,4138.00 ,669.00 ,1.36,0.05
1/11/2022,109.470001,4138.00 ,669.00 ,1.36,0.05
1/12/2022,108.5,4138.00 ,669.00 ,1.36,0.05
1/13/2022,108.940002,4138.00 ,669.00 ,1.36,0.05
1/14/2022,109.110001,4138.00 ,669.00 ,1.36,0.05
1/18/2022,106.400002,4138.00 ,669.00 ,1.36,0.05
1/19/2022,106.050003,4138.00 ,669.00 ,1.36,0.05
1/20/2022,106.300003,4138.00 ,669.00 ,1.36,0.05
1/21/2022,104.860001,4138.00 ,669.00 ,1.36,0.05
1/24/2022,102.739998,4138.00 ,669.00 ,1.36,0.05
1/25/2022,101.040001,4138.00 ,669.00 ,1.36,0.05
1/26/2022,99.970001,4138.00 ,669.00 ,1.36,0.05
1/27/2022,100.279999,4138.00 ,669.00 ,1.36,0.05
1/28/2022,104.889999,4138.00 ,669.00 ,1.36,0.05
1/31/2022,105.699997,4138.00 ,669.00 ,1.36,0.05
2/1/2022,108.660004,4138.00 ,669.00 ,1.36,0.05
2/2/2022,108.360001,4138.00 ,669.00 ,1.36,0.05
2/3/2022,106.279999,4138.00 ,669.00 ,1.36,0.05
2/4/2022,104.879997,4138.00 ,669.00 ,1.36,0.05
2/7/2022,105.889999,4138.00 ,669.00 ,1.36,0.05
2/8/2022,99.540001,4138.00 ,669.00 ,1.36,0.05
2/9/2022,102.18,4138.00 ,669.00 ,1.36,0.05
2/10/2022,99.18,4138.00 ,669.00 ,1.36,0.05
2/11/2022,97.400002,4138.00 ,669.00 ,1.36,0.05
2/14/2022,97.889999,4138.00 ,669.00 ,1.36,0.05
2/15/2022,97.07,4138.00 ,669.00 ,1.36,0.05
2/16/2022,96.809998,4138.00 ,669.00 ,1.36,0.05
2/17/2022,94.330002,4138.00 ,669.00 ,1.36,0.05
2/18/2022,94.129997,4138.00 ,669.00 ,1.36,0.05
2/22/2022,93.519997,4138.00 ,669.00 ,1.36,0.05
2/23/2022,92.599998,4138.00 ,669.00 ,1.36,0.05
2/24/2022,95.559998,4138.00 ,669.00 ,1.36,0.05
2/25/2022,98.050003,4138.00 ,669.00 ,1.36,0.05
2/28/2022,97.669998,4138.00 ,669.00 ,1.36,0.05
3/1/2022,97.059998,4138.00 ,669.00 ,1.36,0.05
3/2/2022,98.739998,4138.00 ,669.00 ,1.36,0.05
3/3/2022,98.629997,4138.00 ,669.00 ,1.36,0.05
3/4/2022,97.32,4138.00 ,669.00 ,1.36,0.05
3/7/2022,94.919998,4138.00 ,669.00 ,1.36,0.05
3/8/2022,94.199997,4138.00 ,669.00 ,1.36,0.05
3/9/2022,96.269997,4138.00 ,669.00 ,1.36,0.05
3/10/2022,95.050003,4138.00 ,669.00 ,1.36,0.05
3/11/2022,94.150002,4138.00 ,669.00 ,1.36,0.05
3/14/2022,93.989998,4138.00 ,669.00 ,1.36,0.05
3/15/2022,95.449997,4138.00 ,669.00 ,1.36,0.05
3/16/2022,98.300003,4138.00 ,669.00 ,1.36,0.05
3/17/2022,100.040001,4138.00 ,669.00 ,1.36,0.05
3/18/2022,100.610001,4138.00 ,669.00 ,1.36,0.05
3/21/2022,99.559998,4138.00 ,669.00 ,1.36,0.05
3/22/2022,100.5,4138.00 ,669.00 ,1.36,0.05
3/23/2022,98.779999,4138.00 ,669.00 ,1.36,0.05
3/24/2022,98.699997,4138.00 ,669.00 ,1.36,0.05
3/25/2022,100.510002,4138.00 ,669.00 ,1.36,0.05
3/28/2022,100.739998,4138.00 ,669.00 ,1.36,0.05
3/29/2022,103,4138.00 ,669.00 ,1.36,0.05
3/30/2022,102.139999,4138.00 ,669.00 ,1.36,0.05
3/31/2022,101.400002,4138.00 ,669.00 ,1.36,0.05
4/1/2022,102.989998,4450.00 ,598.00 ,1.43,0.05
4/4/2022,103.18,4450.00 ,598.00 ,1.43,0.05
4/5/2022,103.339996,4450.00 ,598.00 ,1.43,0.05
4/6/2022,102.669998,4450.00 ,598.00 ,1.43,0.05
4/7/2022,100.790001,4450.00 ,598.00 ,1.43,0.05
4/8/2022,100.550003,4450.00 ,598.00 ,1.43,0.05
4/11/2022,100.599998,4450.00 ,598.00 ,1.43,0.05
4/12/2022,98.970001,4450.00 ,598.00 ,1.43,0.05
4/13/2022,99.080002,4450.00 ,598.00 ,1.43,0.05
4/14/2022,99.669998,4450.00 ,598.00 ,1.43,0.05
4/18/2022,99.889999,4450.00 ,598.00 ,1.43,0.05
4/19/2022,102.449997,4450.00 ,598.00 ,1.43,0.05
4/20/2022,101.489998,4450.00 ,598.00 ,1.43,0.05
4/21/2022,101.440002,4450.00 ,598.00 ,1.43,0.05
4/22/2022,97.360001,4450.00 ,598.00 ,1.43,0.05
4/25/2022,97.949997,4450.00 ,598.00 ,1.43,0.05
4/26/2022,96.099998,4450.00 ,598.00 ,1.43,0.05
4/27/2022,100.93,4450.00 ,598.00 ,1.43,0.05
4/28/2022,104.739998,4450.00 ,598.00 ,1.43,0.05
4/29/2022,97.919998,4450.00 ,598.00 ,1.43,0.05
5/2/2022,97.129997,4450.00 ,598.00 ,1.43,0.05
5/3/2022,99.440002,4450.00 ,598.00 ,1.43,0.05
5/4/2022,102.540001,4450.00 ,598.00 ,1.43,0.05
5/5/2022,99.550003,4450.00 ,598.00 ,1.43,0.05
5/6/2022,95.709999,4450.00 ,598.00 ,1.43,0.05
5/9/2022,93.629997,4450.00 ,598.00 ,1.43,0.05
5/10/2022,92.779999,4450.00 ,598.00 ,1.43,0.05
5/11/2022,92.580002,4450.00 ,598.00 ,1.43,0.05
5/12/2022,93.550003,4450.00 ,598.00 ,1.43,0.05
5/13/2022,96.169998,4450.00 ,598.00 ,1.43,0.05
5/16/2022,96.25,4450.00 ,598.00 ,1.43,0.05
5/17/2022,97.709999,4450.00 ,598.00 ,1.43,0.05
5/18/2022,94.169998,4450.00 ,598.00 ,1.43,0.05
5/19/2022,94.389999,4450.00 ,598.00 ,1.43,0.05
5/20/2022,95.589996,4450.00 ,598.00 ,1.43,0.05
5/23/2022,98.830002,4450.00 ,598.00 ,1.43,0.05
5/24/2022,96.900002,4450.00 ,598.00 ,1.43,0.05
5/25/2022,97.470001,4450.00 ,598.00 ,1.43,0.05
5/26/2022,99.290001,4450.00 ,598.00 ,1.43,0.05
5/27/2022,101.370003,4450.00 ,598.00 ,1.43,0.05
5/31/2022,100.18,4450.00 ,598.00 ,1.43,0.05
6/1/2022,99.160004,4450.00 ,598.00 ,1.43,0.05
6/2/2022,100.849998,4450.00 ,598.00 ,1.43,0.05
6/3/2022,99.669998,4450.00 ,598.00 ,1.43,0.05
6/6/2022,100.290001,4450.00 ,598.00 ,1.43,0.05
6/7/2022,101.239998,4450.00 ,598.00 ,1.43,0.05
6/8/2022,100.129997,4450.00 ,598.00 ,1.43,0.05
6/9/2022,95.82,4450.00 ,598.00 ,1.43,0.05
6/10/2022,94.339996,4450.00 ,598.00 ,1.43,0.05
6/13/2022,89.620003,4450.00 ,598.00 ,1.43,0.05
6/14/2022,89.889999,4450.00 ,598.00 ,1.43,0.05
6/15/2022,91.470001,4450.00 ,598.00 ,1.43,0.05
6/16/2022,88.379997,4450.00 ,598.00 ,1.43,0.05
6/17/2022,89.150002,4450.00 ,598.00 ,1.43,0.05
6/21/2022,89.260002,4450.00 ,598.00 ,1.43,0.05
6/22/2022,89.360001,4450.00 ,598.00 ,1.43,0.05
6/23/2022,89.730003,4450.00 ,598.00 ,1.43,0.05
6/24/2022,94.190002,4450.00 ,598.00 ,1.43,0.05
6/27/2022,93.089996,4450.00 ,598.00 ,1.43,0.05
6/28/2022,90.620003,4450.00 ,598.00 ,1.43,0.05
6/29/2022,90.900002,4450.00 ,598.00 ,1.43,0.05
6/30/2022,88.970001,4450.00 ,598.00 ,1.43,0.05
7/1/2022,92.580002,4518.00 ,481.00 ,1.44,0.06
7/5/2022,94.110001,4518.00 ,481.00 ,1.44,0.06
7/6/2022,93.860001,4518.00 ,481.00 ,1.44,0.06
7/7/2022,93.349998,4518.00 ,481.00 ,1.44,0.06
7/8/2022,93.059998,4518.00 ,481.00 ,1.44,0.06
7/11/2022,92.589996,4518.00 ,481.00 ,1.44,0.06
7/12/2022,92.589996,4518.00 ,481.00 ,1.44,0.06
7/13/2022,91.870003,4518.00 ,481.00 ,1.44,0.06
7/14/2022,91.660004,4518.00 ,481.00 ,1.44,0.06
7/15/2022,94.160004,4518.00 ,481.00 ,1.44,0.06
7/18/2022,93.970001,4518.00 ,481.00 ,1.44,0.06
7/19/2022,97.559998,4518.00 ,481.00 ,1.44,0.06
7/20/2022,97.849998,4518.00 ,481.00 ,1.44,0.06
7/21/2022,99.18,4518.00 ,481.00 ,1.44,0.06
7/22/2022,99.870003,4518.00 ,481.00 ,1.44,0.06
7/25/2022,98.050003,4518.00 ,481.00 ,1.44,0.06
7/26/2022,102.220001,4518.00 ,481.00 ,1.44,0.06
7/27/2022,104.459999,4518.00 ,481.00 ,1.44,0.06
7/28/2022,105.68,4518.00 ,481.00 ,1.44,0.06
7/29/2022,105.68,4518.00 ,481.00 ,1.44,0.06
8/1/2022,106.129997,4518.00 ,481.00 ,1.44,0.06
8/2/2022,106.230003,4518.00 ,481.00 ,1.44,0.06
8/3/2022,108.169998,4518.00 ,481.00 ,1.44,0.06
8/4/2022,106.660004,4518.00 ,481.00 ,1.44,0.06
8/5/2022,106.080002,4518.00 ,481.00 ,1.44,0.06
8/8/2022,104.989998,4518.00 ,481.00 ,1.44,0.06
8/9/2022,105.900002,4518.00 ,481.00 ,1.44,0.06
8/10/2022,106.540001,4518.00 ,481.00 ,1.44,0.06
8/11/2022,107.959999,4518.00 ,481.00 ,1.44,0.06
8/12/2022,109.370003,4518.00 ,481.00 ,1.44,0.06
8/15/2022,110.160004,4518.00 ,481.00 ,1.44,0.06
8/16/2022,110.720001,4518.00 ,481.00 ,1.44,0.06
8/17/2022,108.720001,4518.00 ,481.00 ,1.44,0.06
8/18/2022,110.550003,4518.00 ,481.00 ,1.44,0.06
8/19/2022,109.480003,4518.00 ,481.00 ,1.44,0.06
8/22/2022,106.769997,4518.00 ,481.00 ,1.44,0.06
8/23/2022,106.010002,4518.00 ,481.00 ,1.44,0.06
8/24/2022,106.18,4518.00 ,481.00 ,1.44,0.06
8/25/2022,107.269997,4518.00 ,481.00 ,1.44,0.06
8/26/2022,103.830002,4518.00 ,481.00 ,1.44,0.06
8/29/2022,103.169998,4518.00 ,481.00 ,1.44,0.06
8/30/2022,101.860001,4518.00 ,481.00 ,1.44,0.06
8/31/2022,101.190002,4518.00 ,481.00 ,1.44,0.06
9/1/2022,103.5,4518.00 ,481.00 ,1.44,0.06
9/2/2022,101.440002,4518.00 ,481.00 ,1.44,0.06
9/6/2022,104.160004,4518.00 ,481.00 ,1.44,0.06
9/7/2022,105.75,4518.00 ,481.00 ,1.44,0.06
9/8/2022,105.779999,4518.00 ,481.00 ,1.44,0.06
9/9/2022,106.459999,4518.00 ,481.00 ,1.44,0.06
9/12/2022,109.050003,4518.00 ,481.00 ,1.44,0.06
9/13/2022,105.919998,4518.00 ,481.00 ,1.44,0.06
9/14/2022,105.900002,4518.00 ,481.00 ,1.44,0.06
9/15/2022,104.580002,4518.00 ,481.00 ,1.44,0.06
9/16/2022,103.610001,4518.00 ,481.00 ,1.44,0.06
9/19/2022,103.650002,4518.00 ,481.00 ,1.44,0.06
9/20/2022,102.169998,4518.00 ,481.00 ,1.44,0.06
9/21/2022,99.589996,4518.00 ,481.00 ,1.44,0.06
9/22/2022,98.559998,4518.00 ,481.00 ,1.44,0.06
9/23/2022,97.949997,4518.00 ,481.00 ,1.44,0.06
9/26/2022,95.900002,4518.00 ,481.00 ,1.44,0.06
9/27/2022,95.139999,4518.00 ,481.00 ,1.44,0.06
9/28/2022,96.169998,4518.00 ,481.00 ,1.44,0.06
9/29/2022,94.849998,4518.00 ,481.00 ,1.44,0.06
9/30/2022,93.57,4518.00 ,481.00 ,1.44,0.06
10/3/2022,95.419998,4631.00 ,782.00 ,1.66,0.07
10/4/2022,98.730003,4631.00 ,782.00 ,1.66,0.07
10/5/2022,100.550003,4631.00 ,782.00 ,1.66,0.07
10/6/2022,99.080002,4631.00 ,782.00 ,1.66,0.07
10/7/2022,98.699997,4631.00 ,782.00 ,1.66,0.07
10/10/2022,98.489998,4631.00 ,782.00 ,1.66,0.07
10/11/2022,95.449997,4631.00 ,782.00 ,1.66,0.07
10/12/2022,93.699997,4631.00 ,782.00 ,1.66,0.07
10/13/2022,95.650002,4631.00 ,782.00 ,1.66,0.07
10/14/2022,94.139999,4631.00 ,782.00 ,1.66,0.07
10/17/2022,97.370003,4631.00 ,782.00 ,1.66,0.07
10/18/2022,97.169998,4631.00 ,782.00 ,1.66,0.07
10/19/2022,96.230003,4631.00 ,782.00 ,1.66,0.07
10/20/2022,95.010002,4631.00 ,782.00 ,1.66,0.07
10/21/2022,96.739998,4631.00 ,782.00 ,1.66,0.07
10/24/2022,97.349998,4631.00 ,782.00 ,1.66,0.07
10/25/2022,100.080002,4631.00 ,782.00 ,1.66,0.07
10/26/2022,101.760002,4631.00 ,782.00 ,1.66,0.07
10/27/2022,98.809998,4631.00 ,782.00 ,1.66,0.07
10/28/2022,102.599998,4631.00 ,782.00 ,1.66,0.07
10/31/2022,102.739998,4631.00 ,782.00 ,1.66,0.07
11/1/2022,104.019997,4631.00 ,782.00 ,1.66,0.07
11/2/2022,100.559998,4631.00 ,782.00 ,1.66,0.07
11/3/2022,94.57,4631.00 ,782.00 ,1.66,0.07
11/4/2022,94.32,4631.00 ,782.00 ,1.66,0.07
11/7/2022,96.389999,4631.00 ,782.00 ,1.66,0.07
11/8/2022,98.480003,4631.00 ,782.00 ,1.66,0.07
11/9/2022,96.18,4631.00 ,782.00 ,1.66,0.07
11/10/2022,101,4631.00 ,782.00 ,1.66,0.07
11/11/2022,100.470001,4631.00 ,782.00 ,1.66,0.07
11/14/2022,100.010002,4631.00 ,782.00 ,1.66,0.07
11/15/2022,100.349998,4631.00 ,782.00 ,1.66,0.07
11/16/2022,99.980003,4631.00 ,782.00 ,1.66,0.07
11/17/2022,98.589996,4631.00 ,782.00 ,1.66,0.07
11/18/2022,99.860001,4631.00 ,782.00 ,1.66,0.07
11/21/2022,99.379997,4631.00 ,782.00 ,1.66,0.07
11/22/2022,100.989998,4631.00 ,782.00 ,1.66,0.07
11/23/2022,102.080002,4631.00 ,782.00 ,1.66,0.07
11/25/2022,102.489998,4631.00 ,782.00 ,1.66,0.07
11/28/2022,101.760002,4631.00 ,782.00 ,1.66,0.07
11/29/2022,101.519997,4631.00 ,782.00 ,1.66,0.07
11/30/2022,104.360001,4631.00 ,782.00 ,1.66,0.07
12/1/2022,105.029999,4631.00 ,782.00 ,1.66,0.07
12/2/2022,105.459999,4631.00 ,782.00 ,1.66,0.07
12/5/2022,102.190002,4631.00 ,782.00 ,1.66,0.07
12/6/2022,100.349998,4631.00 ,782.00 ,1.66,0.07
12/7/2022,100.489998,4631.00 ,782.00 ,1.66,0.07
12/8/2022,101.459999,4631.00 ,782.00 ,1.66,0.07
12/9/2022,100.639999,4631.00 ,782.00 ,1.66,0.07
12/12/2022,102.470001,4631.00 ,782.00 ,1.66,0.07
12/13/2022,101.559998,4631.00 ,782.00 ,1.66,0.07
12/14/2022,101.910004,4631.00 ,782.00 ,1.66,0.07
12/15/2022,98.470001,4631.00 ,782.00 ,1.66,0.07
12/16/2022,98.580002,4631.00 ,782.00 ,1.66,0.07
12/19/2022,98.669998,4631.00 ,782.00 ,1.66,0.07
12/20/2022,99.559998,4631.00 ,782.00 ,1.66,0.07
12/21/2022,101.139999,4631.00 ,782.00 ,1.66,0.07
12/22/2022,99.540001,4631.00 ,782.00 ,1.66,0.07
12/23/2022,100.459999,4631.00 ,782.00 ,1.66,0.07
12/27/2022,100.82,4631.00 ,782.00 ,1.66,0.07
12/28/2022,99.910004,4631.00 ,782.00 ,1.66,0.07
12/29/2022,101.5,4631.00 ,782.00 ,1.66,0.07
12/30/2022,101.07,4631.00 ,782.00 ,1.66,0.07
