Date,Close price,Revenue,Net income,D/E Ratio,ROIC
1/3/2017,101.347313,2734.00 ,1081.00 ,2.29,0.59
1/4/2017,102.308945,2734.00 ,1081.00 ,2.29,0.59
1/5/2017,103.099129,2734.00 ,1081.00 ,2.29,0.59
1/6/2017,103.841125,2734.00 ,1081.00 ,2.29,0.59
1/9/2017,103.638771,2734.00 ,1081.00 ,2.29,0.59
1/10/2017,103.417122,2734.00 ,1081.00 ,2.29,0.59
1/11/2017,103.88929,2734.00 ,1081.00 ,2.29,0.59
1/12/2017,104.756577,2734.00 ,1081.00 ,2.29,0.59
1/13/2017,104.746941,2734.00 ,1081.00 ,2.29,0.59
1/17/2017,104.457863,2734.00 ,1081.00 ,2.29,0.59
1/18/2017,104.708405,2734.00 ,1081.00 ,2.29,0.59
1/19/2017,104.58313,2734.00 ,1081.00 ,2.29,0.59
1/20/2017,105.961143,2734.00 ,1081.00 ,2.29,0.59
1/23/2017,105.643127,2734.00 ,1081.00 ,2.29,0.59
1/24/2017,105.922577,2734.00 ,1081.00 ,2.29,0.59
1/25/2017,106.182755,2734.00 ,1081.00 ,2.29,0.59
1/26/2017,105.402222,2734.00 ,1081.00 ,2.29,0.59
1/27/2017,105.845482,2734.00 ,1081.00 ,2.29,0.59
1/30/2017,105.325127,2734.00 ,1081.00 ,2.29,0.59
1/31/2017,102.463127,2734.00 ,1081.00 ,2.29,0.59
2/1/2017,101.181496,2734.00 ,1081.00 ,2.29,0.59
2/2/2017,101.316399,2734.00 ,1081.00 ,2.29,0.59
2/3/2017,102.704033,2734.00 ,1081.00 ,2.29,0.59
2/6/2017,102.713676,2734.00 ,1081.00 ,2.29,0.59
2/7/2017,102.723305,2734.00 ,1081.00 ,2.29,0.59
2/8/2017,102.838982,2734.00 ,1081.00 ,2.29,0.59
2/9/2017,103.397865,2734.00 ,1081.00 ,2.29,0.59
2/10/2017,103.36895,2734.00 ,1081.00 ,2.29,0.59
2/13/2017,104.342216,2734.00 ,1081.00 ,2.29,0.59
2/14/2017,104.920387,2734.00 ,1081.00 ,2.29,0.59
2/15/2017,105.672043,2734.00 ,1081.00 ,2.29,0.59
2/16/2017,105.325127,2734.00 ,1081.00 ,2.29,0.59
2/17/2017,105.440765,2734.00 ,1081.00 ,2.29,0.59
2/21/2017,106.153831,2734.00 ,1081.00 ,2.29,0.59
2/22/2017,105.460045,2734.00 ,1081.00 ,2.29,0.59
2/23/2017,106.712746,2734.00 ,1081.00 ,2.29,0.59
2/24/2017,106.963303,2734.00 ,1081.00 ,2.29,0.59
2/27/2017,106.54895,2734.00 ,1081.00 ,2.29,0.59
2/28/2017,106.442932,2734.00 ,1081.00 ,2.29,0.59
3/1/2017,108.225655,2734.00 ,1081.00 ,2.29,0.59
3/2/2017,107.281303,2734.00 ,1081.00 ,2.29,0.59
3/3/2017,107.676384,2734.00 ,1081.00 ,2.29,0.59
3/6/2017,107.310204,2734.00 ,1081.00 ,2.29,0.59
3/7/2017,106.924759,2734.00 ,1081.00 ,2.29,0.59
3/8/2017,106.944031,2734.00 ,1081.00 ,2.29,0.59
3/9/2017,106.760925,2734.00 ,1081.00 ,2.29,0.59
3/10/2017,107.165665,2734.00 ,1081.00 ,2.29,0.59
3/13/2017,107.474022,2734.00 ,1081.00 ,2.29,0.59
3/14/2017,106.47184,2734.00 ,1081.00 ,2.29,0.59
3/15/2017,107.946228,2734.00 ,1081.00 ,2.29,0.59
3/16/2017,108.572586,2734.00 ,1081.00 ,2.29,0.59
3/17/2017,108.726753,2734.00 ,1081.00 ,2.29,0.59
3/20/2017,108.322029,2734.00 ,1081.00 ,2.29,0.59
3/21/2017,106.683846,2734.00 ,1081.00 ,2.29,0.59
3/22/2017,107.396927,2734.00 ,1081.00 ,2.29,0.59
3/23/2017,107.541496,2734.00 ,1081.00 ,2.29,0.59
3/24/2017,107.907654,2734.00 ,1081.00 ,2.29,0.59
3/27/2017,107.869102,2734.00 ,1081.00 ,2.29,0.59
3/28/2017,108.379845,2734.00 ,1081.00 ,2.29,0.59
3/29/2017,107.984756,2734.00 ,1081.00 ,2.29,0.59
3/30/2017,108.572586,2734.00 ,1081.00 ,2.29,0.59
3/31/2017,108.379845,2734.00 ,1081.00 ,2.29,0.59
4/3/2017,108.158211,3053.00 ,1177.00 ,2.38,0.58
4/4/2017,108.013649,3053.00 ,1177.00 ,2.38,0.58
4/5/2017,108.206749,3053.00 ,1177.00 ,2.38,0.58
4/6/2017,108.554352,3053.00 ,1177.00 ,2.38,0.58
4/7/2017,108.370903,3053.00 ,1177.00 ,2.38,0.58
4/10/2017,108.448143,3053.00 ,1177.00 ,2.38,0.58
4/11/2017,108.245369,3053.00 ,1177.00 ,2.38,0.58
4/12/2017,107.627449,3053.00 ,1177.00 ,2.38,0.58
4/13/2017,107.386063,3053.00 ,1177.00 ,2.38,0.58
4/17/2017,108.786095,3053.00 ,1177.00 ,2.38,0.58
4/18/2017,108.641251,3053.00 ,1177.00 ,2.38,0.58
4/19/2017,108.419182,3053.00 ,1177.00 ,2.38,0.58
4/20/2017,110.6399,3053.00 ,1177.00 ,2.38,0.58
4/21/2017,110.330933,3053.00 ,1177.00 ,2.38,0.58
4/24/2017,111.711632,3053.00 ,1177.00 ,2.38,0.58
4/25/2017,112.126801,3053.00 ,1177.00 ,2.38,0.58
4/26/2017,112.165421,3053.00 ,1177.00 ,2.38,0.58
4/27/2017,113.063362,3053.00 ,1177.00 ,2.38,0.58
4/28/2017,112.310265,3053.00 ,1177.00 ,2.38,0.58
5/1/2017,112.358536,3053.00 ,1177.00 ,2.38,0.58
5/2/2017,114.048225,3053.00 ,1177.00 ,2.38,0.58
5/3/2017,113.285431,3053.00 ,1177.00 ,2.38,0.58
5/4/2017,113.855103,3053.00 ,1177.00 ,2.38,0.58
5/5/2017,113.4496,3053.00 ,1177.00 ,2.38,0.58
5/8/2017,112.590263,3053.00 ,1177.00 ,2.38,0.58
5/9/2017,112.397179,3053.00 ,1177.00 ,2.38,0.58
5/10/2017,112.628891,3053.00 ,1177.00 ,2.38,0.58
5/11/2017,112.513016,3053.00 ,1177.00 ,2.38,0.58
5/12/2017,113.092354,3053.00 ,1177.00 ,2.38,0.58
5/15/2017,114.135101,3053.00 ,1177.00 ,2.38,0.58
5/16/2017,114.405441,3053.00 ,1177.00 ,2.38,0.58
5/17/2017,112.77372,3053.00 ,1177.00 ,2.38,0.58
5/18/2017,112.233009,3053.00 ,1177.00 ,2.38,0.58
5/19/2017,113.526848,3053.00 ,1177.00 ,2.38,0.58
5/22/2017,114.897881,3053.00 ,1177.00 ,2.38,0.58
5/23/2017,115.477188,3053.00 ,1177.00 ,2.38,0.58
5/24/2017,116.539268,3053.00 ,1177.00 ,2.38,0.58
5/25/2017,117.717224,3053.00 ,1177.00 ,2.38,0.58
5/26/2017,117.437218,3053.00 ,1177.00 ,2.38,0.58
5/30/2017,117.45652,3053.00 ,1177.00 ,2.38,0.58
5/31/2017,118.644142,3053.00 ,1177.00 ,2.38,0.58
6/1/2017,119.146225,3053.00 ,1177.00 ,2.38,0.58
6/2/2017,120.884132,3053.00 ,1177.00 ,2.38,0.58
6/5/2017,121.56002,3053.00 ,1177.00 ,2.38,0.58
6/6/2017,120.92276,3053.00 ,1177.00 ,2.38,0.58
6/7/2017,120.874504,3053.00 ,1177.00 ,2.38,0.58
6/8/2017,120.459305,3053.00 ,1177.00 ,2.38,0.58
6/9/2017,118.798622,3053.00 ,1177.00 ,2.38,0.58
6/12/2017,116.597198,3053.00 ,1177.00 ,2.38,0.58
6/13/2017,118.103447,3053.00 ,1177.00 ,2.38,0.58
6/14/2017,118.277237,3053.00 ,1177.00 ,2.38,0.58
6/15/2017,117.234459,3053.00 ,1177.00 ,2.38,0.58
6/16/2017,117.755844,3053.00 ,1177.00 ,2.38,0.58
6/19/2017,118.846893,3053.00 ,1177.00 ,2.38,0.58
6/20/2017,118.692413,3053.00 ,1177.00 ,2.38,0.58
6/21/2017,118.85656,3053.00 ,1177.00 ,2.38,0.58
6/22/2017,119.049652,3053.00 ,1177.00 ,2.38,0.58
6/23/2017,119.735191,3053.00 ,1177.00 ,2.38,0.58
6/26/2017,119.262085,3053.00 ,1177.00 ,2.38,0.58
6/27/2017,118.508972,3053.00 ,1177.00 ,2.38,0.58
6/28/2017,120.507584,3053.00 ,1177.00 ,2.38,0.58
6/29/2017,117.321358,3053.00 ,1177.00 ,2.38,0.58
6/30/2017,117.263405,3053.00 ,1177.00 ,2.38,0.58
7/3/2017,116.616508,3398.00 ,1430.00 ,2.23,0.58
7/5/2017,117.990082,3398.00 ,1430.00 ,2.23,0.58
7/6/2017,116.848663,3398.00 ,1430.00 ,2.23,0.58
7/7/2017,118.202873,3398.00 ,1430.00 ,2.23,0.58
7/10/2017,118.71553,3398.00 ,1430.00 ,2.23,0.58
7/11/2017,120.166496,3398.00 ,1430.00 ,2.23,0.58
7/12/2017,121.182121,3398.00 ,1430.00 ,2.23,0.58
7/13/2017,121.365898,3398.00 ,1430.00 ,2.23,0.58
7/14/2017,122.855545,3398.00 ,1430.00 ,2.23,0.58
7/17/2017,123.261795,3398.00 ,1430.00 ,2.23,0.58
7/18/2017,123.551994,3398.00 ,1430.00 ,2.23,0.58
7/19/2017,123.851845,3398.00 ,1430.00 ,2.23,0.58
7/20/2017,124.267776,3398.00 ,1430.00 ,2.23,0.58
7/21/2017,125.041626,3398.00 ,1430.00 ,2.23,0.58
7/24/2017,125.283447,3398.00 ,1430.00 ,2.23,0.58
7/25/2017,125.728386,3398.00 ,1430.00 ,2.23,0.58
7/26/2017,126.705368,3398.00 ,1430.00 ,2.23,0.58
7/27/2017,124.712738,3398.00 ,1430.00 ,2.23,0.58
7/28/2017,123.726097,3398.00 ,1430.00 ,2.23,0.58
7/31/2017,123.619713,3398.00 ,1430.00 ,2.23,0.58
8/1/2017,125.25444,3398.00 ,1430.00 ,2.23,0.58
8/2/2017,126.337784,3398.00 ,1430.00 ,2.23,0.58
8/3/2017,125.641319,3398.00 ,1430.00 ,2.23,0.58
8/4/2017,125.573662,3398.00 ,1430.00 ,2.23,0.58
8/7/2017,126.115334,3398.00 ,1430.00 ,2.23,0.58
8/8/2017,125.592964,3398.00 ,1430.00 ,2.23,0.58
8/9/2017,125.476906,3398.00 ,1430.00 ,2.23,0.58
8/10/2017,123.493942,3398.00 ,1430.00 ,2.23,0.58
8/11/2017,124.345184,3398.00 ,1430.00 ,2.23,0.58
8/14/2017,126.802071,3398.00 ,1430.00 ,2.23,0.58
8/15/2017,127.276039,3398.00 ,1430.00 ,2.23,0.58
8/16/2017,128.040207,3398.00 ,1430.00 ,2.23,0.58
8/17/2017,126.598969,3398.00 ,1430.00 ,2.23,0.58
8/18/2017,126.850464,3398.00 ,1430.00 ,2.23,0.58
8/21/2017,127.624275,3398.00 ,1430.00 ,2.23,0.58
8/22/2017,129.423477,3398.00 ,1430.00 ,2.23,0.58
8/23/2017,128.717331,3398.00 ,1430.00 ,2.23,0.58
8/24/2017,128.610931,3398.00 ,1430.00 ,2.23,0.58
8/25/2017,128.407776,3398.00 ,1430.00 ,2.23,0.58
8/28/2017,129.471817,3398.00 ,1430.00 ,2.23,0.58
8/29/2017,129.462173,3398.00 ,1430.00 ,2.23,0.58
8/30/2017,129.423477,3398.00 ,1430.00 ,2.23,0.58
8/31/2017,128.939804,3398.00 ,1430.00 ,2.23,0.58
9/1/2017,128.881744,3398.00 ,1430.00 ,2.23,0.58
9/5/2017,128.32077,3398.00 ,1430.00 ,2.23,0.58
9/6/2017,128.543228,3398.00 ,1430.00 ,2.23,0.58
9/7/2017,132.064133,3398.00 ,1430.00 ,2.23,0.58
9/8/2017,132.731537,3398.00 ,1430.00 ,2.23,0.58
9/11/2017,137.345551,3398.00 ,1430.00 ,2.23,0.58
9/12/2017,137.761536,3398.00 ,1430.00 ,2.23,0.58
9/13/2017,135.51738,3398.00 ,1430.00 ,2.23,0.58
9/14/2017,136.84256,3398.00 ,1430.00 ,2.23,0.58
9/15/2017,136.948944,3398.00 ,1430.00 ,2.23,0.58
9/18/2017,136.774841,3398.00 ,1430.00 ,2.23,0.58
9/19/2017,137.829193,3398.00 ,1430.00 ,2.23,0.58
9/20/2017,137.587387,3398.00 ,1430.00 ,2.23,0.58
9/21/2017,137.084381,3398.00 ,1430.00 ,2.23,0.58
9/22/2017,137.248856,3398.00 ,1430.00 ,2.23,0.58
9/25/2017,134.037399,3398.00 ,1430.00 ,2.23,0.58
9/26/2017,133.843933,3398.00 ,1430.00 ,2.23,0.58
9/27/2017,135.101425,3398.00 ,1430.00 ,2.23,0.58
9/28/2017,135.614105,3398.00 ,1430.00 ,2.23,0.58
9/29/2017,136.581375,3398.00 ,1430.00 ,2.23,0.58
10/2/2017,137.181137,3312.00 ,227.00 ,2.88,0.59
10/3/2017,138.341858,3312.00 ,227.00 ,2.88,0.59
10/4/2017,137.442276,3312.00 ,227.00 ,2.88,0.59
10/5/2017,139.263565,3312.00 ,227.00 ,2.88,0.59
10/6/2017,139.040771,3312.00 ,227.00 ,2.88,0.59
10/9/2017,140.038635,3312.00 ,227.00 ,2.88,0.59
10/10/2017,141.104279,3312.00 ,227.00 ,2.88,0.59
10/11/2017,142.266846,3312.00 ,227.00 ,2.88,0.59
10/12/2017,142.160278,3312.00 ,227.00 ,2.88,0.59
10/13/2017,142.741547,3312.00 ,227.00 ,2.88,0.59
10/16/2017,141.656525,3312.00 ,227.00 ,2.88,0.59
10/17/2017,141.375565,3312.00 ,227.00 ,2.88,0.59
10/18/2017,141.627457,3312.00 ,227.00 ,2.88,0.59
10/19/2017,140.455215,3312.00 ,227.00 ,2.88,0.59
10/20/2017,140.842743,3312.00 ,227.00 ,2.88,0.59
10/23/2017,141.01709,3312.00 ,227.00 ,2.88,0.59
10/24/2017,141.249634,3312.00 ,227.00 ,2.88,0.59
10/25/2017,141.675888,3312.00 ,227.00 ,2.88,0.59
10/26/2017,142.014984,3312.00 ,227.00 ,2.88,0.59
10/27/2017,143.884766,3312.00 ,227.00 ,2.88,0.59
10/30/2017,144.3013,3312.00 ,227.00 ,2.88,0.59
10/31/2017,144.126953,3312.00 ,227.00 ,2.88,0.59
11/1/2017,144.24324,3312.00 ,227.00 ,2.88,0.59
11/2/2017,143.623123,3312.00 ,227.00 ,2.88,0.59
11/3/2017,144.630737,3312.00 ,227.00 ,2.88,0.59
11/6/2017,145.405731,3312.00 ,227.00 ,2.88,0.59
11/7/2017,145.289444,3312.00 ,227.00 ,2.88,0.59
11/8/2017,145.289444,3312.00 ,227.00 ,2.88,0.59
11/9/2017,144.630737,3312.00 ,227.00 ,2.88,0.59
11/10/2017,144.872879,3312.00 ,227.00 ,2.88,0.59
11/13/2017,145.018265,3312.00 ,227.00 ,2.88,0.59
11/14/2017,145.270111,3312.00 ,227.00 ,2.88,0.59
11/15/2017,143.700668,3312.00 ,227.00 ,2.88,0.59
11/16/2017,145.638245,3312.00 ,227.00 ,2.88,0.59
11/17/2017,144.369156,3312.00 ,227.00 ,2.88,0.59
11/20/2017,144.892273,3312.00 ,227.00 ,2.88,0.59
11/21/2017,147.750229,3312.00 ,227.00 ,2.88,0.59
11/22/2017,146.529556,3312.00 ,227.00 ,2.88,0.59
11/24/2017,147.973053,3312.00 ,227.00 ,2.88,0.59
11/27/2017,148.195862,3312.00 ,227.00 ,2.88,0.59
11/28/2017,149.377808,3312.00 ,227.00 ,2.88,0.59
11/29/2017,143.720016,3312.00 ,227.00 ,2.88,0.59
11/30/2017,145.773865,3312.00 ,227.00 ,2.88,0.59
12/1/2017,145.018265,3312.00 ,227.00 ,2.88,0.59
12/4/2017,138.953583,3312.00 ,227.00 ,2.88,0.59
12/5/2017,140.60054,3312.00 ,227.00 ,2.88,0.59
12/6/2017,142.819107,3312.00 ,227.00 ,2.88,0.59
12/7/2017,144.785675,3312.00 ,227.00 ,2.88,0.59
12/8/2017,145.21199,3312.00 ,227.00 ,2.88,0.59
12/11/2017,146.171097,3312.00 ,227.00 ,2.88,0.59
12/12/2017,147.740524,3312.00 ,227.00 ,2.88,0.59
12/13/2017,146.95578,3312.00 ,227.00 ,2.88,0.59
12/14/2017,147.188309,3312.00 ,227.00 ,2.88,0.59
12/15/2017,148.612442,3312.00 ,227.00 ,2.88,0.59
12/18/2017,148.341202,3312.00 ,227.00 ,2.88,0.59
12/19/2017,146.946106,3312.00 ,227.00 ,2.88,0.59
12/20/2017,146.723267,3312.00 ,227.00 ,2.88,0.59
12/21/2017,145.831985,3312.00 ,227.00 ,2.88,0.59
12/22/2017,146.142029,3312.00 ,227.00 ,2.88,0.59
12/26/2017,146.558609,3312.00 ,227.00 ,2.88,0.59
12/27/2017,146.67485,3312.00 ,227.00 ,2.88,0.59
12/28/2017,147.033295,3312.00 ,227.00 ,2.88,0.59
12/29/2017,146.636139,3312.00 ,227.00 ,2.88,0.59
1/2/2018,147.168945,3580.00 ,1492.00 ,3,0.6
1/3/2018,149.019287,3580.00 ,1492.00 ,3,0.6
1/4/2018,150.947235,3580.00 ,1492.00 ,3,0.6
1/5/2018,154.076416,3580.00 ,1492.00 ,3,0.6
1/8/2018,154.542175,3580.00 ,1492.00 ,3,0.6
1/9/2018,154.76532,3580.00 ,1492.00 ,3,0.6
1/10/2018,155.114624,3580.00 ,1492.00 ,3,0.6
1/11/2018,156.143204,3580.00 ,1492.00 ,3,0.6
1/12/2018,157.511337,3580.00 ,1492.00 ,3,0.6
1/16/2018,157.472488,3580.00 ,1492.00 ,3,0.6
1/17/2018,159.442261,3580.00 ,1492.00 ,3,0.6
1/18/2018,160.567795,3580.00 ,1492.00 ,3,0.6
1/19/2018,161.877777,3580.00 ,1492.00 ,3,0.6
1/22/2018,163.284714,3580.00 ,1492.00 ,3,0.6
1/23/2018,162.227066,3580.00 ,1492.00 ,3,0.6
1/24/2018,162.052414,3580.00 ,1492.00 ,3,0.6
1/25/2018,163.585495,3580.00 ,1492.00 ,3,0.6
1/26/2018,165.283585,3580.00 ,1492.00 ,3,0.6
1/29/2018,163.546692,3580.00 ,1492.00 ,3,0.6
1/30/2018,162.227066,3580.00 ,1492.00 ,3,0.6
1/31/2018,163.983307,3580.00 ,1492.00 ,3,0.6
2/1/2018,167.796661,3580.00 ,1492.00 ,3,0.6
2/2/2018,165.487366,3580.00 ,1492.00 ,3,0.6
2/5/2018,159.704254,3580.00 ,1492.00 ,3,0.6
2/6/2018,164.255005,3580.00 ,1492.00 ,3,0.6
2/7/2018,163.721329,3580.00 ,1492.00 ,3,0.6
2/8/2018,155.852066,3580.00 ,1492.00 ,3,0.6
2/9/2018,160.296112,3580.00 ,1492.00 ,3,0.6
2/12/2018,163.197372,3580.00 ,1492.00 ,3,0.6
2/13/2018,165.070099,3580.00 ,1492.00 ,3,0.6
2/14/2018,167.398834,3580.00 ,1492.00 ,3,0.6
2/15/2018,169.504456,3580.00 ,1492.00 ,3,0.6
2/16/2018,170.435959,3580.00 ,1492.00 ,3,0.6
2/20/2018,170.144852,3580.00 ,1492.00 ,3,0.6
2/21/2018,167.204773,3580.00 ,1492.00 ,3,0.6
2/22/2018,167.816071,3580.00 ,1492.00 ,3,0.6
2/23/2018,170.542648,3580.00 ,1492.00 ,3,0.6
2/26/2018,172.590027,3580.00 ,1492.00 ,3,0.6
2/27/2018,170.707611,3580.00 ,1492.00 ,3,0.6
2/28/2018,170.542648,3580.00 ,1492.00 ,3,0.6
3/1/2018,168.340073,3580.00 ,1492.00 ,3,0.6
3/2/2018,169.824631,3580.00 ,1492.00 ,3,0.6
3/5/2018,173.230423,3580.00 ,1492.00 ,3,0.6
3/6/2018,172.260147,3580.00 ,1492.00 ,3,0.6
3/7/2018,173.890259,3580.00 ,1492.00 ,3,0.6
3/8/2018,173.929062,3580.00 ,1492.00 ,3,0.6
3/9/2018,177.800644,3580.00 ,1492.00 ,3,0.6
3/12/2018,177.121384,3580.00 ,1492.00 ,3,0.6
3/13/2018,175.636826,3580.00 ,1492.00 ,3,0.6
3/14/2018,174.773239,3580.00 ,1492.00 ,3,0.6
3/15/2018,175.578598,3580.00 ,1492.00 ,3,0.6
3/16/2018,177.131104,3580.00 ,1492.00 ,3,0.6
3/19/2018,175.219589,3580.00 ,1492.00 ,3,0.6
3/20/2018,177.092255,3580.00 ,1492.00 ,3,0.6
3/21/2018,175.384521,3580.00 ,1492.00 ,3,0.6
3/22/2018,170.309769,3580.00 ,1492.00 ,3,0.6
3/23/2018,166.72934,3580.00 ,1492.00 ,3,0.6
3/26/2018,171.910828,3580.00 ,1492.00 ,3,0.6
3/27/2018,167.398834,3580.00 ,1492.00 ,3,0.6
3/28/2018,165.293259,3580.00 ,1492.00 ,3,0.6
3/29/2018,169.96048,3580.00 ,1492.00 ,3,0.6
4/2/2018,166.506149,3665.00 ,1569.00 ,3.26,0.63
4/3/2018,167.350342,3665.00 ,1569.00 ,3.26,0.63
4/4/2018,168.534088,3665.00 ,1569.00 ,3.26,0.63
4/5/2018,170.581482,3665.00 ,1569.00 ,3.26,0.63
4/6/2018,164.897064,3665.00 ,1569.00 ,3.26,0.63
4/9/2018,165.518967,3665.00 ,1569.00 ,3.26,0.63
4/10/2018,169.774979,3665.00 ,1569.00 ,3.26,0.63
4/11/2018,167.48172,3665.00 ,1569.00 ,3.26,0.63
4/12/2018,169.852692,3665.00 ,1569.00 ,3.26,0.63
4/13/2018,169.337708,3665.00 ,1569.00 ,3.26,0.63
4/16/2018,168.949005,3665.00 ,1569.00 ,3.26,0.63
4/17/2018,173.292511,3665.00 ,1569.00 ,3.26,0.63
4/18/2018,174.380814,3665.00 ,1569.00 ,3.26,0.63
4/19/2018,173.943527,3665.00 ,1569.00 ,3.26,0.63
4/20/2018,172.068192,3665.00 ,1569.00 ,3.26,0.63
4/23/2018,170.464828,3665.00 ,1569.00 ,3.26,0.63
4/24/2018,168.336868,3665.00 ,1569.00 ,3.26,0.63
4/25/2018,167.588654,3665.00 ,1569.00 ,3.26,0.63
4/26/2018,173.117615,3665.00 ,1569.00 ,3.26,0.63
4/27/2018,170.960434,3665.00 ,1569.00 ,3.26,0.63
4/30/2018,173.224472,3665.00 ,1569.00 ,3.26,0.63
5/1/2018,175.148468,3665.00 ,1569.00 ,3.26,0.63
5/2/2018,180.560822,3665.00 ,1569.00 ,3.26,0.63
5/3/2018,181.202118,3665.00 ,1569.00 ,3.26,0.63
5/4/2018,182.844269,3665.00 ,1569.00 ,3.26,0.63
5/7/2018,183.747986,3665.00 ,1569.00 ,3.26,0.63
5/8/2018,185.137497,3665.00 ,1569.00 ,3.26,0.63
5/9/2018,185.23468,3665.00 ,1569.00 ,3.26,0.63
5/10/2018,187.586182,3665.00 ,1569.00 ,3.26,0.63
5/11/2018,187.877686,3665.00 ,1569.00 ,3.26,0.63
5/14/2018,186.68251,3665.00 ,1569.00 ,3.26,0.63
5/15/2018,186.565918,3665.00 ,1569.00 ,3.26,0.63
5/16/2018,186.93515,3665.00 ,1569.00 ,3.26,0.63
5/17/2018,185.788513,3665.00 ,1569.00 ,3.26,0.63
5/18/2018,185.011169,3665.00 ,1569.00 ,3.26,0.63
5/21/2018,185.788513,3665.00 ,1569.00 ,3.26,0.63
5/22/2018,186.196625,3665.00 ,1569.00 ,3.26,0.63
5/23/2018,187.527878,3665.00 ,1569.00 ,3.26,0.63
5/24/2018,186.47847,3665.00 ,1569.00 ,3.26,0.63
5/25/2018,185.759415,3665.00 ,1569.00 ,3.26,0.63
5/29/2018,184.165787,3665.00 ,1569.00 ,3.26,0.63
5/30/2018,186.332672,3665.00 ,1569.00 ,3.26,0.63
5/31/2018,184.739105,3665.00 ,1569.00 ,3.26,0.63
6/1/2018,189.840515,3665.00 ,1569.00 ,3.26,0.63
6/4/2018,192.133698,3665.00 ,1569.00 ,3.26,0.63
6/5/2018,193.71759,3665.00 ,1569.00 ,3.26,0.63
6/6/2018,197.458679,3665.00 ,1569.00 ,3.26,0.63
6/7/2018,193.892487,3665.00 ,1569.00 ,3.26,0.63
6/8/2018,194.378357,3665.00 ,1569.00 ,3.26,0.63
6/11/2018,192.872223,3665.00 ,1569.00 ,3.26,0.63
6/12/2018,194.46582,3665.00 ,1569.00 ,3.26,0.63
6/13/2018,193.766174,3665.00 ,1569.00 ,3.26,0.63
6/14/2018,193.669052,3665.00 ,1569.00 ,3.26,0.63
6/15/2018,193.882782,3665.00 ,1569.00 ,3.26,0.63
6/18/2018,195.437485,3665.00 ,1569.00 ,3.26,0.63
6/19/2018,194.0383,3665.00 ,1569.00 ,3.26,0.63
6/20/2018,195.835892,3665.00 ,1569.00 ,3.26,0.63
6/21/2018,195.097427,3665.00 ,1569.00 ,3.26,0.63
6/22/2018,195.777557,3665.00 ,1569.00 ,3.26,0.63
6/25/2018,189.461563,3665.00 ,1569.00 ,3.26,0.63
6/26/2018,190.899658,3665.00 ,1569.00 ,3.26,0.63
6/27/2018,187.712494,3665.00 ,1569.00 ,3.26,0.63
6/28/2018,191.521561,3665.00 ,1569.00 ,3.26,0.63
6/29/2018,190.957947,3665.00 ,1569.00 ,3.26,0.63
7/2/2018,192.075394,3898.00 ,1899.00 ,3.03,0.66
7/3/2018,190.734497,3898.00 ,1899.00 ,3.03,0.66
7/5/2018,193.24144,3898.00 ,1899.00 ,3.03,0.66
7/6/2018,194.117081,3898.00 ,1899.00 ,3.03,0.66
7/9/2018,195.488876,3898.00 ,1899.00 ,3.03,0.66
7/10/2018,196.062943,3898.00 ,1899.00 ,3.03,0.66
7/11/2018,198.320114,3898.00 ,1899.00 ,3.03,0.66
7/12/2018,202.153397,3898.00 ,1899.00 ,3.03,0.66
7/13/2018,200.334045,3898.00 ,1899.00 ,3.03,0.66
7/16/2018,198.553589,3898.00 ,1899.00 ,3.03,0.66
7/17/2018,200.78157,3898.00 ,1899.00 ,3.03,0.66
7/18/2018,202.717682,3898.00 ,1899.00 ,3.03,0.66
7/19/2018,200.480011,3898.00 ,1899.00 ,3.03,0.66
7/20/2018,201.112411,3898.00 ,1899.00 ,3.03,0.66
7/23/2018,202.211792,3898.00 ,1899.00 ,3.03,0.66
7/24/2018,203.904617,3898.00 ,1899.00 ,3.03,0.66
7/25/2018,208.360657,3898.00 ,1899.00 ,3.03,0.66
7/26/2018,201.754532,3898.00 ,1899.00 ,3.03,0.66
7/27/2018,197.444489,3898.00 ,1899.00 ,3.03,0.66
7/30/2018,192.511765,3898.00 ,1899.00 ,3.03,0.66
7/31/2018,192.63829,3898.00 ,1899.00 ,3.03,0.66
8/1/2018,195.751587,3898.00 ,1899.00 ,3.03,0.66
8/2/2018,196.539642,3898.00 ,1899.00 ,3.03,0.66
8/3/2018,195.751587,3898.00 ,1899.00 ,3.03,0.66
8/6/2018,196.082397,3898.00 ,1899.00 ,3.03,0.66
8/7/2018,197.133148,3898.00 ,1899.00 ,3.03,0.66
8/8/2018,197.366653,3898.00 ,1899.00 ,3.03,0.66
8/9/2018,198.086609,3898.00 ,1899.00 ,3.03,0.66
8/10/2018,197.162308,3898.00 ,1899.00 ,3.03,0.66
8/13/2018,196.831543,3898.00 ,1899.00 ,3.03,0.66
8/14/2018,198.359024,3898.00 ,1899.00 ,3.03,0.66
8/15/2018,194.817627,3898.00 ,1899.00 ,3.03,0.66
8/16/2018,198.086609,3898.00 ,1899.00 ,3.03,0.66
8/17/2018,197.707199,3898.00 ,1899.00 ,3.03,0.66
8/20/2018,199.20546,3898.00 ,1899.00 ,3.03,0.66
8/21/2018,197.590424,3898.00 ,1899.00 ,3.03,0.66
8/22/2018,198.777359,3898.00 ,1899.00 ,3.03,0.66
8/23/2018,199.662735,3898.00 ,1899.00 ,3.03,0.66
8/24/2018,203.729507,3898.00 ,1899.00 ,3.03,0.66
8/27/2018,205.801865,3898.00 ,1899.00 ,3.03,0.66
8/28/2018,206.872101,3898.00 ,1899.00 ,3.03,0.66
8/29/2018,208.759567,3898.00 ,1899.00 ,3.03,0.66
8/30/2018,208.010391,3898.00 ,1899.00 ,3.03,0.66
8/31/2018,209.722733,3898.00 ,1899.00 ,3.03,0.66
9/4/2018,210.948639,3898.00 ,1899.00 ,3.03,0.66
9/5/2018,205.441895,3898.00 ,1899.00 ,3.03,0.66
9/6/2018,207.008316,3898.00 ,1899.00 ,3.03,0.66
9/7/2018,205.373749,3898.00 ,1899.00 ,3.03,0.66
9/10/2018,205.938065,3898.00 ,1899.00 ,3.03,0.66
9/11/2018,207.669922,3898.00 ,1899.00 ,3.03,0.66
9/12/2018,208.234161,3898.00 ,1899.00 ,3.03,0.66
9/13/2018,211.337753,3898.00 ,1899.00 ,3.03,0.66
9/14/2018,212.057785,3898.00 ,1899.00 ,3.03,0.66
9/17/2018,210.608093,3898.00 ,1899.00 ,3.03,0.66
9/18/2018,214.091156,3898.00 ,1899.00 ,3.03,0.66
9/19/2018,212.281525,3898.00 ,1899.00 ,3.03,0.66
9/20/2018,215.394806,3898.00 ,1899.00 ,3.03,0.66
9/21/2018,215.891022,3898.00 ,1899.00 ,3.03,0.66
9/24/2018,215.355988,3898.00 ,1899.00 ,3.03,0.66
9/25/2018,216.105072,3898.00 ,1899.00 ,3.03,0.66
9/26/2018,216.241287,3898.00 ,1899.00 ,3.03,0.66
9/27/2018,216.289948,3898.00 ,1899.00 ,3.03,0.66
9/28/2018,216.581802,3898.00 ,1899.00 ,3.03,0.66
10/1/2018,217.710403,3807.00 ,899.00 ,3.59,0.63
10/2/2018,216.348312,3807.00 ,899.00 ,3.59,0.63
10/3/2018,217.087769,3807.00 ,899.00 ,3.59,0.63
10/4/2018,210.296738,3807.00 ,899.00 ,3.59,0.63
10/5/2018,207.725296,3807.00 ,899.00 ,3.59,0.63
10/8/2018,202.855042,3807.00 ,899.00 ,3.59,0.63
10/9/2018,204.316116,3807.00 ,899.00 ,3.59,0.63
10/10/2018,191.585312,3807.00 ,899.00 ,3.59,0.63
10/11/2018,189.461884,3807.00 ,899.00 ,3.59,0.63
10/12/2018,198.919907,3807.00 ,899.00 ,3.59,0.63
10/15/2018,195.121094,3807.00 ,899.00 ,3.59,0.63
10/16/2018,202.387543,3807.00 ,899.00 ,3.59,0.63
10/17/2018,201.997894,3807.00 ,899.00 ,3.59,0.63
10/18/2018,198.335434,3807.00 ,899.00 ,3.59,0.63
10/19/2018,197.789993,3807.00 ,899.00 ,3.59,0.63
10/22/2018,199.192581,3807.00 ,899.00 ,3.59,0.63
10/23/2018,197.176315,3807.00 ,899.00 ,3.59,0.63
10/24/2018,190.611252,3807.00 ,899.00 ,3.59,0.63
10/25/2018,198.900421,3807.00 ,899.00 ,3.59,0.63
10/26/2018,192.364578,3807.00 ,899.00 ,3.59,0.63
10/29/2018,186.081955,3807.00 ,899.00 ,3.59,0.63
10/30/2018,182.857864,3807.00 ,899.00 ,3.59,0.63
10/31/2018,192.539871,3807.00 ,899.00 ,3.59,0.63
11/1/2018,194.526947,3807.00 ,899.00 ,3.59,0.63
11/2/2018,192.588562,3807.00 ,899.00 ,3.59,0.63
11/5/2018,192.841843,3807.00 ,899.00 ,3.59,0.63
11/6/2018,193.981491,3807.00 ,899.00 ,3.59,0.63
11/7/2018,202.835602,3807.00 ,899.00 ,3.59,0.63
11/8/2018,203.439468,3807.00 ,899.00 ,3.59,0.63
11/9/2018,200.283569,3807.00 ,899.00 ,3.59,0.63
11/12/2018,193.971771,3807.00 ,899.00 ,3.59,0.63
11/13/2018,193.026886,3807.00 ,899.00 ,3.59,0.63
11/14/2018,192.452225,3807.00 ,899.00 ,3.59,0.63
11/15/2018,195.501007,3807.00 ,899.00 ,3.59,0.63
11/16/2018,193.874329,3807.00 ,899.00 ,3.59,0.63
11/19/2018,184.367599,3807.00 ,899.00 ,3.59,0.63
11/20/2018,182.205246,3807.00 ,899.00 ,3.59,0.63
11/21/2018,182.789673,3807.00 ,899.00 ,3.59,0.63
11/23/2018,177.860992,3807.00 ,899.00 ,3.59,0.63
11/26/2018,186.870941,3807.00 ,899.00 ,3.59,0.63
11/27/2018,187.971619,3807.00 ,899.00 ,3.59,0.63
11/28/2018,197.030228,3807.00 ,899.00 ,3.59,0.63
11/29/2018,191.556122,3807.00 ,899.00 ,3.59,0.63
11/30/2018,195.851608,3807.00 ,899.00 ,3.59,0.63
12/3/2018,204.413528,3807.00 ,899.00 ,3.59,0.63
12/4/2018,195.286682,3807.00 ,899.00 ,3.59,0.63
12/6/2018,197.721786,3807.00 ,899.00 ,3.59,0.63
12/7/2018,191.400238,3807.00 ,899.00 ,3.59,0.63
12/10/2018,192.919754,3807.00 ,899.00 ,3.59,0.63
12/11/2018,192.608063,3807.00 ,899.00 ,3.59,0.63
12/12/2018,195.091888,3807.00 ,899.00 ,3.59,0.63
12/13/2018,193.796417,3807.00 ,899.00 ,3.59,0.63
12/14/2018,190.260635,3807.00 ,899.00 ,3.59,0.63
12/17/2018,185.507248,3807.00 ,899.00 ,3.59,0.63
12/18/2018,186.637131,3807.00 ,899.00 ,3.59,0.63
12/19/2018,182.263687,3807.00 ,899.00 ,3.59,0.63
12/20/2018,177.968109,3807.00 ,899.00 ,3.59,0.63
12/21/2018,170.64328,3807.00 ,899.00 ,3.59,0.63
12/24/2018,170.11731,3807.00 ,899.00 ,3.59,0.63
12/26/2018,181.591568,3807.00 ,899.00 ,3.59,0.63
12/27/2018,183.792938,3807.00 ,899.00 ,3.59,0.63
12/28/2018,181.328598,3807.00 ,899.00 ,3.59,0.63
12/31/2018,183.753967,3807.00 ,899.00 ,3.59,0.63
1/2/2019,184.815689,3889.00 ,1862.00 ,3.53,0.68
1/3/2019,176.477844,3889.00 ,1862.00 ,3.53,0.68
1/4/2019,184.835175,3889.00 ,1862.00 ,3.53,0.68
1/7/2019,186.257263,3889.00 ,1862.00 ,3.53,0.68
1/8/2019,187.613525,3889.00 ,1862.00 ,3.53,0.68
1/9/2019,191.018845,3889.00 ,1862.00 ,3.53,0.68
1/10/2019,192.170197,3889.00 ,1862.00 ,3.53,0.68
1/11/2019,191.14566,3889.00 ,1862.00 ,3.53,0.68
1/14/2019,190.687073,3889.00 ,1862.00 ,3.53,0.68
1/15/2019,191.750595,3889.00 ,1862.00 ,3.53,0.68
1/16/2019,192.970337,3889.00 ,1862.00 ,3.53,0.68
1/17/2019,194.472946,3889.00 ,1862.00 ,3.53,0.68
1/18/2019,197.097656,3889.00 ,1862.00 ,3.53,0.68
1/22/2019,194.619308,3889.00 ,1862.00 ,3.53,0.68
1/23/2019,193.53627,3889.00 ,1862.00 ,3.53,0.68
1/24/2019,194.941269,3889.00 ,1862.00 ,3.53,0.68
1/25/2019,198.014832,3889.00 ,1862.00 ,3.53,0.68
1/28/2019,195.302307,3889.00 ,1862.00 ,3.53,0.68
1/29/2019,194.404602,3889.00 ,1862.00 ,3.53,0.68
1/30/2019,199.068634,3889.00 ,1862.00 ,3.53,0.68
1/31/2019,206.006073,3889.00 ,1862.00 ,3.53,0.68
2/1/2019,208.581985,3889.00 ,1862.00 ,3.53,0.68
2/4/2019,209.694305,3889.00 ,1862.00 ,3.53,0.68
2/5/2019,210.621277,3889.00 ,1862.00 ,3.53,0.68
2/6/2019,210.07486,3889.00 ,1862.00 ,3.53,0.68
2/7/2019,208.777176,3889.00 ,1862.00 ,3.53,0.68
2/8/2019,211.323837,3889.00 ,1862.00 ,3.53,0.68
2/11/2019,211.831192,3889.00 ,1862.00 ,3.53,0.68
2/12/2019,213.597305,3889.00 ,1862.00 ,3.53,0.68
2/13/2019,215.187683,3889.00 ,1862.00 ,3.53,0.68
2/14/2019,214.475372,3889.00 ,1862.00 ,3.53,0.68
2/15/2019,216.719589,3889.00 ,1862.00 ,3.53,0.68
2/19/2019,215.236496,3889.00 ,1862.00 ,3.53,0.68
2/20/2019,215.743881,3889.00 ,1862.00 ,3.53,0.68
2/21/2019,213.987518,3889.00 ,1862.00 ,3.53,0.68
2/22/2019,217.900253,3889.00 ,1862.00 ,3.53,0.68
2/25/2019,217.900253,3889.00 ,1862.00 ,3.53,0.68
2/26/2019,218.563751,3889.00 ,1862.00 ,3.53,0.68
2/27/2019,219.119919,3889.00 ,1862.00 ,3.53,0.68
2/28/2019,219.315033,3889.00 ,1862.00 ,3.53,0.68
3/1/2019,221.734848,3889.00 ,1862.00 ,3.53,0.68
3/4/2019,220.798157,3889.00 ,1862.00 ,3.53,0.68
3/5/2019,220.729874,3889.00 ,1862.00 ,3.53,0.68
3/6/2019,219.022308,3889.00 ,1862.00 ,3.53,0.68
3/7/2019,217.012314,3889.00 ,1862.00 ,3.53,0.68
3/8/2019,216.485428,3889.00 ,1862.00 ,3.53,0.68
3/11/2019,220.163925,3889.00 ,1862.00 ,3.53,0.68
3/12/2019,221.432419,3889.00 ,1862.00 ,3.53,0.68
3/13/2019,222.954544,3889.00 ,1862.00 ,3.53,0.68
3/14/2019,223.939987,3889.00 ,1862.00 ,3.53,0.68
3/15/2019,225.559738,3889.00 ,1862.00 ,3.53,0.68
3/18/2019,224.798599,3889.00 ,1862.00 ,3.53,0.68
3/19/2019,225.40361,3889.00 ,1862.00 ,3.53,0.68
3/20/2019,224.31076,3889.00 ,1862.00 ,3.53,0.68
3/21/2019,230.14566,3889.00 ,1862.00 ,3.53,0.68
3/22/2019,225.159683,3889.00 ,1862.00 ,3.53,0.68
3/25/2019,224.827911,3889.00 ,1862.00 ,3.53,0.68
3/26/2019,227.628296,3889.00 ,1862.00 ,3.53,0.68
3/27/2019,226.876968,3889.00 ,1862.00 ,3.53,0.68
3/28/2019,229.160172,3889.00 ,1862.00 ,3.53,0.68
3/29/2019,229.73584,3889.00 ,1862.00 ,3.53,0.68
4/1/2019,233.248474,4113.00 ,2048.00 ,3.91,0.7
4/2/2019,233.453354,4113.00 ,2048.00 ,3.91,0.7
4/3/2019,233.131393,4113.00 ,2048.00 ,3.91,0.7
4/4/2019,230.331039,4113.00 ,2048.00 ,3.91,0.7
4/5/2019,230.887238,4113.00 ,2048.00 ,3.91,0.7
4/8/2019,230.857925,4113.00 ,2048.00 ,3.91,0.7
4/9/2019,230.506149,4113.00 ,2048.00 ,3.91,0.7
4/10/2019,231.629791,4113.00 ,2048.00 ,3.91,0.7
4/11/2019,230.633163,4113.00 ,2048.00 ,3.91,0.7
4/12/2019,233.359268,4113.00 ,2048.00 ,3.91,0.7
4/15/2019,233.671921,4113.00 ,2048.00 ,3.91,0.7
4/16/2019,234.590424,4113.00 ,2048.00 ,3.91,0.7
4/17/2019,235.479553,4113.00 ,2048.00 ,3.91,0.7
4/18/2019,235.37207,4113.00 ,2048.00 ,3.91,0.7
4/22/2019,237.482544,4113.00 ,2048.00 ,3.91,0.7
4/23/2019,237.912537,4113.00 ,2048.00 ,3.91,0.7
4/24/2019,239.671249,4113.00 ,2048.00 ,3.91,0.7
4/25/2019,239.983963,4113.00 ,2048.00 ,3.91,0.7
4/26/2019,241.029434,4113.00 ,2048.00 ,3.91,0.7
4/29/2019,241.469131,4113.00 ,2048.00 ,3.91,0.7
4/30/2019,248.41626,4113.00 ,2048.00 ,3.91,0.7
5/1/2019,243.051987,4113.00 ,2048.00 ,3.91,0.7
5/2/2019,241.527771,4113.00 ,2048.00 ,3.91,0.7
5/3/2019,242.270355,4113.00 ,2048.00 ,3.91,0.7
5/6/2019,242.944519,4113.00 ,2048.00 ,3.91,0.7
5/7/2019,239.446564,4113.00 ,2048.00 ,3.91,0.7
5/8/2019,239.710373,4113.00 ,2048.00 ,3.91,0.7
5/9/2019,239.690811,4113.00 ,2048.00 ,3.91,0.7
5/10/2019,241.762268,4113.00 ,2048.00 ,3.91,0.7
5/13/2019,235.85083,4113.00 ,2048.00 ,3.91,0.7
5/14/2019,240.306396,4113.00 ,2048.00 ,3.91,0.7
5/15/2019,243.442871,4113.00 ,2048.00 ,3.91,0.7
5/16/2019,247.615097,4113.00 ,2048.00 ,3.91,0.7
5/17/2019,246.764999,4113.00 ,2048.00 ,3.91,0.7
5/20/2019,247.683426,4113.00 ,2048.00 ,3.91,0.7
5/21/2019,249.51059,4113.00 ,2048.00 ,3.91,0.7
5/22/2019,251.01532,4113.00 ,2048.00 ,3.91,0.7
5/23/2019,244.009583,4113.00 ,2048.00 ,3.91,0.7
5/24/2019,245.719452,4113.00 ,2048.00 ,3.91,0.7
5/28/2019,247.624832,4113.00 ,2048.00 ,3.91,0.7
5/29/2019,247.751831,4113.00 ,2048.00 ,3.91,0.7
5/30/2019,248.367401,4113.00 ,2048.00 ,3.91,0.7
5/31/2019,245.729248,4113.00 ,2048.00 ,3.91,0.7
6/3/2019,236.710709,4113.00 ,2048.00 ,3.91,0.7
6/4/2019,243.472183,4113.00 ,2048.00 ,3.91,0.7
6/5/2019,250.389999,4113.00 ,2048.00 ,3.91,0.7
6/6/2019,251.924026,4113.00 ,2048.00 ,3.91,0.7
6/7/2019,259.711487,4113.00 ,2048.00 ,3.91,0.7
6/10/2019,260.004639,4113.00 ,2048.00 ,3.91,0.7
6/11/2019,257.620483,4113.00 ,2048.00 ,3.91,0.7
6/12/2019,257.806091,4113.00 ,2048.00 ,3.91,0.7
6/13/2019,255.216843,4113.00 ,2048.00 ,3.91,0.7
6/14/2019,254.142029,4113.00 ,2048.00 ,3.91,0.7
6/17/2019,253.26268,4113.00 ,2048.00 ,3.91,0.7
6/18/2019,252.881577,4113.00 ,2048.00 ,3.91,0.7
6/19/2019,253.917343,4113.00 ,2048.00 ,3.91,0.7
6/20/2019,260.678833,4113.00 ,2048.00 ,3.91,0.7
6/21/2019,258.411926,4113.00 ,2048.00 ,3.91,0.7
6/24/2019,259.222961,4113.00 ,2048.00 ,3.91,0.7
6/25/2019,253.780518,4113.00 ,2048.00 ,3.91,0.7
6/26/2019,255.314514,4113.00 ,2048.00 ,3.91,0.7
6/27/2019,255.119156,4113.00 ,2048.00 ,3.91,0.7
6/28/2019,258.470581,4113.00 ,2048.00 ,3.91,0.7
7/1/2019,260.659332,4467.00 ,2108.00 ,4.22,0.71
7/2/2019,264.372192,4467.00 ,2108.00 ,4.22,0.71
7/3/2019,266.824768,4467.00 ,2108.00 ,4.22,0.71
7/5/2019,265.906281,4467.00 ,2108.00 ,4.22,0.71
7/8/2019,265.338867,4467.00 ,2108.00 ,4.22,0.71
7/9/2019,267.402985,4467.00 ,2108.00 ,4.22,0.71
7/10/2019,269.398743,4467.00 ,2108.00 ,4.22,0.71
7/11/2019,272.274902,4467.00 ,2108.00 ,4.22,0.71
7/12/2019,273.468323,4467.00 ,2108.00 ,4.22,0.71
7/15/2019,273.302032,4467.00 ,2108.00 ,4.22,0.71
7/16/2019,270.611786,4467.00 ,2108.00 ,4.22,0.71
7/17/2019,269.300903,4467.00 ,2108.00 ,4.22,0.71
7/18/2019,270.76828,4467.00 ,2108.00 ,4.22,0.71
7/19/2019,269.613892,4467.00 ,2108.00 ,4.22,0.71
7/22/2019,272.558502,4467.00 ,2108.00 ,4.22,0.71
7/23/2019,272.910706,4467.00 ,2108.00 ,4.22,0.71
7/24/2019,274.162903,4467.00 ,2108.00 ,4.22,0.71
7/25/2019,273.28244,4467.00 ,2108.00 ,4.22,0.71
7/26/2019,275.943451,4467.00 ,2108.00 ,4.22,0.71
7/29/2019,275.327026,4467.00 ,2108.00 ,4.22,0.71
7/30/2019,272.118317,4467.00 ,2108.00 ,4.22,0.71
7/31/2019,266.356293,4467.00 ,2108.00 ,4.22,0.71
8/1/2019,268.2052,4467.00 ,2108.00 ,4.22,0.71
8/2/2019,263.597473,4467.00 ,2108.00 ,4.22,0.71
8/5/2019,251.261353,4467.00 ,2108.00 ,4.22,0.71
8/6/2019,258.931061,4467.00 ,2108.00 ,4.22,0.71
8/7/2019,263.46048,4467.00 ,2108.00 ,4.22,0.71
8/8/2019,272.000946,4467.00 ,2108.00 ,4.22,0.71
8/9/2019,268.977966,4467.00 ,2108.00 ,4.22,0.71
8/12/2019,264.135559,4467.00 ,2108.00 ,4.22,0.71
8/13/2019,268.5672,4467.00 ,2108.00 ,4.22,0.71
8/14/2019,261.347443,4467.00 ,2108.00 ,4.22,0.71
8/15/2019,265.984467,4467.00 ,2108.00 ,4.22,0.71
8/16/2019,268.400848,4467.00 ,2108.00 ,4.22,0.71
8/19/2019,272.030243,4467.00 ,2108.00 ,4.22,0.71
8/20/2019,271.022583,4467.00 ,2108.00 ,4.22,0.71
8/21/2019,275.884705,4467.00 ,2108.00 ,4.22,0.71
8/22/2019,274.6716,4467.00 ,2108.00 ,4.22,0.71
8/23/2019,265.984467,4467.00 ,2108.00 ,4.22,0.71
8/26/2019,270.425903,4467.00 ,2108.00 ,4.22,0.71
8/27/2019,270.631378,4467.00 ,2108.00 ,4.22,0.71
8/28/2019,272.196625,4467.00 ,2108.00 ,4.22,0.71
8/29/2019,275.268402,4467.00 ,2108.00 ,4.22,0.71
8/30/2019,275.258575,4467.00 ,2108.00 ,4.22,0.71
9/3/2019,274.02597,4467.00 ,2108.00 ,4.22,0.71
9/4/2019,279.885895,4467.00 ,2108.00 ,4.22,0.71
9/5/2019,285.735901,4467.00 ,2108.00 ,4.22,0.71
9/6/2019,285.051208,4467.00 ,2108.00 ,4.22,0.71
9/9/2019,277.205322,4467.00 ,2108.00 ,4.22,0.71
9/10/2019,266.414917,4467.00 ,2108.00 ,4.22,0.71
9/11/2019,264.086578,4467.00 ,2108.00 ,4.22,0.71
9/12/2019,270.396545,4467.00 ,2108.00 ,4.22,0.71
9/13/2019,270.318268,4467.00 ,2108.00 ,4.22,0.71
9/16/2019,268.126923,4467.00 ,2108.00 ,4.22,0.71
9/17/2019,270.249756,4467.00 ,2108.00 ,4.22,0.71
9/18/2019,269.124756,4467.00 ,2108.00 ,4.22,0.71
9/19/2019,269.917206,4467.00 ,2108.00 ,4.22,0.71
9/20/2019,265.280212,4467.00 ,2108.00 ,4.22,0.71
9/23/2019,267.217102,4467.00 ,2108.00 ,4.22,0.71
9/24/2019,265.231232,4467.00 ,2108.00 ,4.22,0.71
9/25/2019,266.825806,4467.00 ,2108.00 ,4.22,0.71
9/26/2019,267.941071,4467.00 ,2108.00 ,4.22,0.71
9/27/2019,263.284393,4467.00 ,2108.00 ,4.22,0.71
9/30/2019,265.671417,4467.00 ,2108.00 ,4.22,0.71
10/1/2019,265.055054,4414.00 ,2100.00 ,3.94,0.76
10/2/2019,258.735413,4414.00 ,2100.00 ,3.94,0.76
10/3/2019,262.462708,4414.00 ,2100.00 ,3.94,0.76
10/4/2019,268.10733,4414.00 ,2100.00 ,3.94,0.76
10/7/2019,266.277985,4414.00 ,2100.00 ,3.94,0.76
10/8/2019,261.586304,4414.00 ,2100.00 ,3.94,0.76
10/9/2019,266.650208,4414.00 ,2100.00 ,3.94,0.76
10/10/2019,268.20752,4414.00 ,2100.00 ,3.94,0.76
10/11/2019,270.244843,4414.00 ,2100.00 ,3.94,0.76
10/14/2019,270.705139,4414.00 ,2100.00 ,3.94,0.76
10/15/2019,272.840424,4414.00 ,2100.00 ,3.94,0.76
10/16/2019,272.556366,4414.00 ,2100.00 ,3.94,0.76
10/17/2019,270.83252,4414.00 ,2100.00 ,3.94,0.76
10/18/2019,265.073273,4414.00 ,2100.00 ,3.94,0.76
10/21/2019,268.667847,4414.00 ,2100.00 ,3.94,0.76
10/22/2019,255.895645,4414.00 ,2100.00 ,3.94,0.76
10/23/2019,255.49411,4414.00 ,2100.00 ,3.94,0.76
10/24/2019,263.231873,4414.00 ,2100.00 ,3.94,0.76
10/25/2019,264.642242,4414.00 ,2100.00 ,3.94,0.76
10/28/2019,270.264404,4414.00 ,2100.00 ,3.94,0.76
10/29/2019,268.658112,4414.00 ,2100.00 ,3.94,0.76
10/30/2019,271.459412,4414.00 ,2100.00 ,3.94,0.76
10/31/2019,271.126373,4414.00 ,2100.00 ,3.94,0.76
11/1/2019,273.320343,4414.00 ,2100.00 ,3.94,0.76
11/4/2019,270.656219,4414.00 ,2100.00 ,3.94,0.76
11/5/2019,263.476715,4414.00 ,2100.00 ,3.94,0.76
11/6/2019,264.319061,4414.00 ,2100.00 ,3.94,0.76
11/7/2019,267.188873,4414.00 ,2100.00 ,3.94,0.76
11/8/2019,269.24585,4414.00 ,2100.00 ,3.94,0.76
11/11/2019,271.312439,4414.00 ,2100.00 ,3.94,0.76
11/12/2019,271.449554,4414.00 ,2100.00 ,3.94,0.76
11/13/2019,272.360474,4414.00 ,2100.00 ,3.94,0.76
11/14/2019,273.888458,4414.00 ,2100.00 ,3.94,0.76
11/15/2019,275.014801,4414.00 ,2100.00 ,3.94,0.76
11/18/2019,275.093231,4414.00 ,2100.00 ,3.94,0.76
11/19/2019,279.451813,4414.00 ,2100.00 ,3.94,0.76
11/20/2019,279.520355,4414.00 ,2100.00 ,3.94,0.76
11/21/2019,278.609436,4414.00 ,2100.00 ,3.94,0.76
11/22/2019,276.768066,4414.00 ,2100.00 ,3.94,0.76
11/25/2019,281.70462,4414.00 ,2100.00 ,3.94,0.76
11/26/2019,283.438263,4414.00 ,2100.00 ,3.94,0.76
11/27/2019,285.710632,4414.00 ,2100.00 ,3.94,0.76
11/29/2019,286.229767,4414.00 ,2100.00 ,3.94,0.76
12/2/2019,280.587952,4414.00 ,2100.00 ,3.94,0.76
12/3/2019,281.195251,4414.00 ,2100.00 ,3.94,0.76
12/4/2019,280.950378,4414.00 ,2100.00 ,3.94,0.76
12/5/2019,283.89859,4414.00 ,2100.00 ,3.94,0.76
12/6/2019,284.437317,4414.00 ,2100.00 ,3.94,0.76
12/9/2019,283.124847,4414.00 ,2100.00 ,3.94,0.76
12/10/2019,282.68399,4414.00 ,2100.00 ,3.94,0.76
12/11/2019,284.094452,4414.00 ,2100.00 ,3.94,0.76
12/12/2019,286.210205,4414.00 ,2100.00 ,3.94,0.76
12/13/2019,290.010468,4414.00 ,2100.00 ,3.94,0.76
12/16/2019,290.86264,4414.00 ,2100.00 ,3.94,0.76
12/17/2019,289.922333,4414.00 ,2100.00 ,3.94,0.76
12/18/2019,288.688202,4414.00 ,2100.00 ,3.94,0.76
12/19/2019,291.420837,4414.00 ,2100.00 ,3.94,0.76
12/20/2019,292.439606,4414.00 ,2100.00 ,3.94,0.76
12/23/2019,291.166199,4414.00 ,2100.00 ,3.94,0.76
12/24/2019,291.371918,4414.00 ,2100.00 ,3.94,0.76
12/26/2019,293.056641,4414.00 ,2100.00 ,3.94,0.76
12/27/2019,294.565063,4414.00 ,2100.00 ,3.94,0.76
12/30/2019,291.607056,4414.00 ,2100.00 ,3.94,0.76
12/31/2019,292.459137,4414.00 ,2100.00 ,3.94,0.76
1/2/2020,297.160614,4009.00 ,1693.00 ,4.65,0.67
1/3/2020,294.261383,4009.00 ,1693.00 ,4.65,0.67
1/6/2020,295.044922,4009.00 ,1693.00 ,4.65,0.67
1/7/2020,294.045898,4009.00 ,1693.00 ,4.65,0.67
1/8/2020,299.234222,4009.00 ,1693.00 ,4.65,0.67
1/9/2020,303.157227,4009.00 ,1693.00 ,4.65,0.67
1/10/2020,305.187531,4009.00 ,1693.00 ,4.65,0.67
1/13/2020,309.14978,4009.00 ,1693.00 ,4.65,0.67
1/14/2020,304.667664,4009.00 ,1693.00 ,4.65,0.67
1/15/2020,308.208252,4009.00 ,1693.00 ,4.65,0.67
1/16/2020,314.141937,4009.00 ,1693.00 ,4.65,0.67
1/17/2020,317.437347,4009.00 ,1693.00 ,4.65,0.67
1/21/2020,315.740631,4009.00 ,1693.00 ,4.65,0.67
1/22/2020,318.07489,4009.00 ,1693.00 ,4.65,0.67
1/23/2020,318.731964,4009.00 ,1693.00 ,4.65,0.67
1/24/2020,317.447144,4009.00 ,1693.00 ,4.65,0.67
1/27/2020,309.699036,4009.00 ,1693.00 ,4.65,0.67
1/28/2020,314.112549,4009.00 ,1693.00 ,4.65,0.67
1/29/2020,314.16153,4009.00 ,1693.00 ,4.65,0.67
1/30/2020,318.221954,4009.00 ,1693.00 ,4.65,0.67
1/31/2020,309.865753,4009.00 ,1693.00 ,4.65,0.67
2/3/2020,318.280792,4009.00 ,1693.00 ,4.65,0.67
2/4/2020,322.792389,4009.00 ,1693.00 ,4.65,0.67
2/5/2020,322.00769,4009.00 ,1693.00 ,4.65,0.67
2/6/2020,322.968933,4009.00 ,1693.00 ,4.65,0.67
2/7/2020,320.713104,4009.00 ,1693.00 ,4.65,0.67
2/10/2020,323.930115,4009.00 ,1693.00 ,4.65,0.67
2/11/2020,324.557831,4009.00 ,1693.00 ,4.65,0.67
2/12/2020,327.735474,4009.00 ,1693.00 ,4.65,0.67
2/13/2020,329.383179,4009.00 ,1693.00 ,4.65,0.67
2/14/2020,334.394928,4009.00 ,1693.00 ,4.65,0.67
2/18/2020,334.679352,4009.00 ,1693.00 ,4.65,0.67
2/19/2020,337.935516,4009.00 ,1693.00 ,4.65,0.67
2/20/2020,337.827698,4009.00 ,1693.00 ,4.65,0.67
2/21/2020,333.168884,4009.00 ,1693.00 ,4.65,0.67
2/24/2020,318.427948,4009.00 ,1693.00 ,4.65,0.67
2/25/2020,297.06662,4009.00 ,1693.00 ,4.65,0.67
2/26/2020,292.309967,4009.00 ,1693.00 ,4.65,0.67
2/27/2020,280.324829,4009.00 ,1693.00 ,4.65,0.67
2/28/2020,284.669739,4009.00 ,1693.00 ,4.65,0.67
3/2/2020,300.842621,4009.00 ,1693.00 ,4.65,0.67
3/3/2020,286.385986,4009.00 ,1693.00 ,4.65,0.67
3/4/2020,296.546844,4009.00 ,1693.00 ,4.65,0.67
3/5/2020,285.140411,4009.00 ,1693.00 ,4.65,0.67
3/6/2020,281.492035,4009.00 ,1693.00 ,4.65,0.67
3/9/2020,256.972626,4009.00 ,1693.00 ,4.65,0.67
3/10/2020,275.175842,4009.00 ,1693.00 ,4.65,0.67
3/11/2020,264.573669,4009.00 ,1693.00 ,4.65,0.67
3/12/2020,236.856934,4009.00 ,1693.00 ,4.65,0.67
3/13/2020,264.818848,4009.00 ,1693.00 ,4.65,0.67
3/16/2020,231.119431,4009.00 ,1693.00 ,4.65,0.67
3/17/2020,233.306564,4009.00 ,1693.00 ,4.65,0.67
3/18/2020,223.547821,4009.00 ,1693.00 ,4.65,0.67
3/19/2020,222.782852,4009.00 ,1693.00 ,4.65,0.67
3/20/2020,207.35527,4009.00 ,1693.00 ,4.65,0.67
3/23/2020,199.391373,4009.00 ,1693.00 ,4.65,0.67
3/24/2020,232.512146,4009.00 ,1693.00 ,4.65,0.67
3/25/2020,251.54895,4009.00 ,1693.00 ,4.65,0.67
3/26/2020,258.120087,4009.00 ,1693.00 ,4.65,0.67
3/27/2020,242.888702,4009.00 ,1693.00 ,4.65,0.67
3/30/2020,248.381042,4009.00 ,1693.00 ,4.65,0.67
3/31/2020,236.915787,4009.00 ,1693.00 ,4.65,0.67
4/1/2020,224.214783,3335.00 ,1420.00 ,3.94,0.56
4/2/2020,234.287323,3335.00 ,1420.00 ,3.94,0.56
4/3/2020,232.47287,3335.00 ,1420.00 ,3.94,0.56
4/6/2020,260.827118,3335.00 ,1420.00 ,3.94,0.56
4/7/2020,254.098938,3335.00 ,1420.00 ,3.94,0.56
4/8/2020,266.151672,3335.00 ,1420.00 ,3.94,0.56
4/9/2020,264.62915,3335.00 ,1420.00 ,3.94,0.56
4/13/2020,258.676453,3335.00 ,1420.00 ,3.94,0.56
4/14/2020,265.925751,3335.00 ,1420.00 ,3.94,0.56
4/15/2020,252.586258,3335.00 ,1420.00 ,3.94,0.56
4/16/2020,242.39006,3335.00 ,1420.00 ,3.94,0.56
4/17/2020,255.366135,3335.00 ,1420.00 ,3.94,0.56
4/20/2020,247.272034,3335.00 ,1420.00 ,3.94,0.56
4/21/2020,241.005051,3335.00 ,1420.00 ,3.94,0.56
4/22/2020,252.360291,3335.00 ,1420.00 ,3.94,0.56
4/23/2020,251.328903,3335.00 ,1420.00 ,3.94,0.56
4/24/2020,254.177567,3335.00 ,1420.00 ,3.94,0.56
4/27/2020,260.424896,3335.00 ,1420.00 ,3.94,0.56
4/28/2020,259.914124,3335.00 ,1420.00 ,3.94,0.56
4/29/2020,278.666077,3335.00 ,1420.00 ,3.94,0.56
4/30/2020,270.100494,3335.00 ,1420.00 ,3.94,0.56
5/1/2020,263.980804,3335.00 ,1420.00 ,3.94,0.56
5/4/2020,264.491577,3335.00 ,1420.00 ,3.94,0.56
5/5/2020,269.128021,3335.00 ,1420.00 ,3.94,0.56
5/6/2020,267.615326,3335.00 ,1420.00 ,3.94,0.56
5/7/2020,273.538513,3335.00 ,1420.00 ,3.94,0.56
5/8/2020,277.438171,3335.00 ,1420.00 ,3.94,0.56
5/11/2020,276.249634,3335.00 ,1420.00 ,3.94,0.56
5/12/2020,267.291107,3335.00 ,1420.00 ,3.94,0.56
5/13/2020,264.393372,3335.00 ,1420.00 ,3.94,0.56
5/14/2020,272.399048,3335.00 ,1420.00 ,3.94,0.56
5/15/2020,274.000214,3335.00 ,1420.00 ,3.94,0.56
5/18/2020,284.766083,3335.00 ,1420.00 ,3.94,0.56
5/19/2020,285.58136,3335.00 ,1420.00 ,3.94,0.56
5/20/2020,293.508423,3335.00 ,1420.00 ,3.94,0.56
5/21/2020,289.048859,3335.00 ,1420.00 ,3.94,0.56
5/22/2020,289.687439,3335.00 ,1420.00 ,3.94,0.56
5/26/2020,297.958221,3335.00 ,1420.00 ,3.94,0.56
5/27/2020,294.461273,3335.00 ,1420.00 ,3.94,0.56
5/28/2020,296.946503,3335.00 ,1420.00 ,3.94,0.56
5/29/2020,295.561462,3335.00 ,1420.00 ,3.94,0.56
6/1/2020,296.062439,3335.00 ,1420.00 ,3.94,0.56
6/2/2020,298.213623,3335.00 ,1420.00 ,3.94,0.56
6/3/2020,301.631989,3335.00 ,1420.00 ,3.94,0.56
6/4/2020,296.032959,3335.00 ,1420.00 ,3.94,0.56
6/5/2020,306.356873,3335.00 ,1420.00 ,3.94,0.56
6/8/2020,304.912903,3335.00 ,1420.00 ,3.94,0.56
6/9/2020,305.973785,3335.00 ,1420.00 ,3.94,0.56
6/10/2020,307.604309,3335.00 ,1420.00 ,3.94,0.56
6/11/2020,286.092133,3335.00 ,1420.00 ,3.94,0.56
6/12/2020,292.516357,3335.00 ,1420.00 ,3.94,0.56
6/15/2020,291.907349,3335.00 ,1420.00 ,3.94,0.56
6/16/2020,299.087891,3335.00 ,1420.00 ,3.94,0.56
6/17/2020,298.380676,3335.00 ,1420.00 ,3.94,0.56
6/18/2020,299.451324,3335.00 ,1420.00 ,3.94,0.56
6/19/2020,291.249207,3335.00 ,1420.00 ,3.94,0.56
6/22/2020,299.048584,3335.00 ,1420.00 ,3.94,0.56
6/23/2020,301.445404,3335.00 ,1420.00 ,3.94,0.56
6/24/2020,288.803375,3335.00 ,1420.00 ,3.94,0.56
6/25/2020,292.732483,3335.00 ,1420.00 ,3.94,0.56
6/26/2020,284.215942,3335.00 ,1420.00 ,3.94,0.56
6/29/2020,287.742401,3335.00 ,1420.00 ,3.94,0.56
6/30/2020,290.463379,3335.00 ,1420.00 ,3.94,0.56
7/1/2020,295.836487,3837.00 ,1513.00 ,4.4,0.48
7/2/2020,297.064362,3837.00 ,1513.00 ,4.4,0.48
7/6/2020,300.158661,3837.00 ,1513.00 ,4.4,0.48
7/7/2020,294.598846,3837.00 ,1513.00 ,4.4,0.48
7/8/2020,295.228241,3837.00 ,1513.00 ,4.4,0.48
7/9/2020,289.75946,3837.00 ,1513.00 ,4.4,0.48
7/10/2020,290.831604,3837.00 ,1513.00 ,4.4,0.48
7/13/2020,285.421753,3837.00 ,1513.00 ,4.4,0.48
7/14/2020,294.048035,3837.00 ,1513.00 ,4.4,0.48
7/15/2020,300.707001,3837.00 ,1513.00 ,4.4,0.48
7/16/2020,294.441437,3837.00 ,1513.00 ,4.4,0.48
7/17/2020,299.074188,3837.00 ,1513.00 ,4.4,0.48
7/20/2020,306.844604,3837.00 ,1513.00 ,4.4,0.48
7/21/2020,302.556183,3837.00 ,1513.00 ,4.4,0.48
7/22/2020,308.231445,3837.00 ,1513.00 ,4.4,0.48
7/23/2020,304.81842,3837.00 ,1513.00 ,4.4,0.48
7/24/2020,301.887329,3837.00 ,1513.00 ,4.4,0.48
7/27/2020,303.795502,3837.00 ,1513.00 ,4.4,0.48
7/28/2020,301.306976,3837.00 ,1513.00 ,4.4,0.48
7/29/2020,304.228302,3837.00 ,1513.00 ,4.4,0.48
7/30/2020,303.933228,3837.00 ,1513.00 ,4.4,0.48
7/31/2020,303.470917,3837.00 ,1513.00 ,4.4,0.48
8/3/2020,307.464325,3837.00 ,1513.00 ,4.4,0.48
8/4/2020,309.234833,3837.00 ,1513.00 ,4.4,0.48
8/5/2020,322.621582,3837.00 ,1513.00 ,4.4,0.48
8/6/2020,324.726563,3837.00 ,1513.00 ,4.4,0.48
8/7/2020,322.641266,3837.00 ,1513.00 ,4.4,0.48
8/10/2020,317.585632,3837.00 ,1513.00 ,4.4,0.48
8/11/2020,323.152832,3837.00 ,1513.00 ,4.4,0.48
8/12/2020,322.257721,3837.00 ,1513.00 ,4.4,0.48
8/13/2020,320.841278,3837.00 ,1513.00 ,4.4,0.48
8/14/2020,321.441284,3837.00 ,1513.00 ,4.4,0.48
8/17/2020,324.815125,3837.00 ,1513.00 ,4.4,0.48
8/18/2020,325.572357,3837.00 ,1513.00 ,4.4,0.48
8/19/2020,326.949493,3837.00 ,1513.00 ,4.4,0.48
8/20/2020,331.788818,3837.00 ,1513.00 ,4.4,0.48
8/21/2020,331.572357,3837.00 ,1513.00 ,4.4,0.48
8/24/2020,338.005188,3837.00 ,1513.00 ,4.4,0.48
8/25/2020,341.959259,3837.00 ,1513.00 ,4.4,0.48
8/26/2020,345.264191,3837.00 ,1513.00 ,4.4,0.48
8/27/2020,350.162537,3837.00 ,1513.00 ,4.4,0.48
8/28/2020,360.116547,3837.00 ,1513.00 ,4.4,0.48
8/31/2020,352.316559,3837.00 ,1513.00 ,4.4,0.48
9/1/2020,351.04776,3837.00 ,1513.00 ,4.4,0.48
9/2/2020,354.785492,3837.00 ,1513.00 ,4.4,0.48
9/3/2020,338.201874,3837.00 ,1513.00 ,4.4,0.48
9/4/2020,329.516754,3837.00 ,1513.00 ,4.4,0.48
9/8/2020,324.470795,3837.00 ,1513.00 ,4.4,0.48
9/9/2020,334.070831,3837.00 ,1513.00 ,4.4,0.48
9/10/2020,327.4216,3837.00 ,1513.00 ,4.4,0.48
9/11/2020,324.736389,3837.00 ,1513.00 ,4.4,0.48
9/14/2020,333.047791,3837.00 ,1513.00 ,4.4,0.48
9/15/2020,333.578949,3837.00 ,1513.00 ,4.4,0.48
9/16/2020,336.244598,3837.00 ,1513.00 ,4.4,0.48
9/17/2020,333.864136,3837.00 ,1513.00 ,4.4,0.48
9/18/2020,329.762573,3837.00 ,1513.00 ,4.4,0.48
9/21/2020,322.474121,3837.00 ,1513.00 ,4.4,0.48
9/22/2020,329.811707,3837.00 ,1513.00 ,4.4,0.48
9/23/2020,319.208527,3837.00 ,1513.00 ,4.4,0.48
9/24/2020,322.828125,3837.00 ,1513.00 ,4.4,0.48
9/25/2020,326.3396,3837.00 ,1513.00 ,4.4,0.48
9/28/2020,332.841278,3837.00 ,1513.00 ,4.4,0.48
9/29/2020,330.716736,3837.00 ,1513.00 ,4.4,0.48
9/30/2020,332.624939,3837.00 ,1513.00 ,4.4,0.48
10/1/2020,337.739594,4120.00 ,1785.00 ,4.18,0.44
10/2/2020,333.274048,4120.00 ,1785.00 ,4.18,0.44
10/5/2020,337.621552,4120.00 ,1785.00 ,4.18,0.44
10/6/2020,331.897064,4120.00 ,1785.00 ,4.18,0.44
10/7/2020,338.260956,4120.00 ,1785.00 ,4.18,0.44
10/8/2020,339.885773,4120.00 ,1785.00 ,4.18,0.44
10/9/2020,347.01532,4120.00 ,1785.00 ,4.18,0.44
10/12/2020,346.670654,4120.00 ,1785.00 ,4.18,0.44
10/13/2020,340.565277,4120.00 ,1785.00 ,4.18,0.44
10/14/2020,337.473114,4120.00 ,1785.00 ,4.18,0.44
10/15/2020,333.406097,4120.00 ,1785.00 ,4.18,0.44
10/16/2020,334.223419,4120.00 ,1785.00 ,4.18,0.44
10/19/2020,326.611359,4120.00 ,1785.00 ,4.18,0.44
10/20/2020,326.660553,4120.00 ,1785.00 ,4.18,0.44
10/21/2020,328.334656,4120.00 ,1785.00 ,4.18,0.44
10/22/2020,328.511902,4120.00 ,1785.00 ,4.18,0.44
10/23/2020,324.582764,4120.00 ,1785.00 ,4.18,0.44
10/26/2020,313.208984,4120.00 ,1785.00 ,4.18,0.44
10/27/2020,312.273407,4120.00 ,1785.00 ,4.18,0.44
10/28/2020,286.935883,4120.00 ,1785.00 ,4.18,0.44
10/29/2020,288.708405,4120.00 ,1785.00 ,4.18,0.44
10/30/2020,284.23764,4120.00 ,1785.00 ,4.18,0.44
11/2/2020,285.547333,4120.00 ,1785.00 ,4.18,0.44
11/3/2020,290.884735,4120.00 ,1785.00 ,4.18,0.44
11/4/2020,302.514618,4120.00 ,1785.00 ,4.18,0.44
11/5/2020,311.702301,4120.00 ,1785.00 ,4.18,0.44
11/6/2020,308.856293,4120.00 ,1785.00 ,4.18,0.44
11/9/2020,339.304749,4120.00 ,1785.00 ,4.18,0.44
11/10/2020,329.673889,4120.00 ,1785.00 ,4.18,0.44
11/11/2020,327.320343,4120.00 ,1785.00 ,4.18,0.44
11/12/2020,323.282959,4120.00 ,1785.00 ,4.18,0.44
11/13/2020,329.920135,4120.00 ,1785.00 ,4.18,0.44
11/16/2020,330.333771,4120.00 ,1785.00 ,4.18,0.44
11/17/2020,331.367706,4120.00 ,1785.00 ,4.18,0.44
11/18/2020,330.816284,4120.00 ,1785.00 ,4.18,0.44
11/19/2020,328.787628,4120.00 ,1785.00 ,4.18,0.44
11/20/2020,318.073608,4120.00 ,1785.00 ,4.18,0.44
11/23/2020,326.975739,4120.00 ,1785.00 ,4.18,0.44
11/24/2020,337.167877,4120.00 ,1785.00 ,4.18,0.44
11/25/2020,336.114227,4120.00 ,1785.00 ,4.18,0.44
11/27/2020,333.898499,4120.00 ,1785.00 ,4.18,0.44
11/30/2020,331.377502,4120.00 ,1785.00 ,4.18,0.44
12/1/2020,333.711365,4120.00 ,1785.00 ,4.18,0.44
12/2/2020,335.030975,4120.00 ,1785.00 ,4.18,0.44
12/3/2020,330.028412,4120.00 ,1785.00 ,4.18,0.44
12/4/2020,339.097931,4120.00 ,1785.00 ,4.18,0.44
12/7/2020,335.759674,4120.00 ,1785.00 ,4.18,0.44
12/8/2020,335.592255,4120.00 ,1785.00 ,4.18,0.44
12/9/2020,331.712341,4120.00 ,1785.00 ,4.18,0.44
12/10/2020,326.463623,4120.00 ,1785.00 ,4.18,0.44
12/11/2020,322.426178,4120.00 ,1785.00 ,4.18,0.44
12/14/2020,326.099304,4120.00 ,1785.00 ,4.18,0.44
12/15/2020,328.561157,4120.00 ,1785.00 ,4.18,0.44
12/16/2020,327.034851,4120.00 ,1785.00 ,4.18,0.44
12/17/2020,331.761566,4120.00 ,1785.00 ,4.18,0.44
12/18/2020,335.139221,4120.00 ,1785.00 ,4.18,0.44
12/21/2020,329.270172,4120.00 ,1785.00 ,4.18,0.44
12/22/2020,327.172699,4120.00 ,1785.00 ,4.18,0.44
12/23/2020,324.208557,4120.00 ,1785.00 ,4.18,0.44
12/24/2020,330.875305,4120.00 ,1785.00 ,4.18,0.44
12/28/2020,339.216125,4120.00 ,1785.00 ,4.18,0.44
12/29/2020,341.372711,4120.00 ,1785.00 ,4.18,0.44
12/30/2020,350.127106,4120.00 ,1785.00 ,4.18,0.44
12/31/2020,351.495941,4120.00 ,1785.00 ,4.18,0.44
1/4/2021,346.129028,4155.00 ,1828.00 ,4.42,0.43
1/5/2021,342.121185,4155.00 ,1828.00 ,4.42,0.43
1/6/2021,342.249115,4155.00 ,1828.00 ,4.42,0.43
1/7/2021,344.960632,4155.00 ,1828.00 ,4.42,0.43
1/8/2021,348.894745,4155.00 ,1828.00 ,4.42,0.43
1/11/2021,343.323944,4155.00 ,1828.00 ,4.42,0.43
1/12/2021,338.117828,4155.00 ,1828.00 ,4.42,0.43
1/13/2021,341.480072,4155.00 ,1828.00 ,4.42,0.43
1/14/2021,322.351746,4155.00 ,1828.00 ,4.42,0.43
1/15/2021,318.733124,4155.00 ,1828.00 ,4.42,0.43
1/19/2021,321.37558,4155.00 ,1828.00 ,4.42,0.43
1/20/2021,330.220001,4155.00 ,1828.00 ,4.42,0.43
1/21/2021,329.756592,4155.00 ,1828.00 ,4.42,0.43
1/22/2021,324.382904,4155.00 ,1828.00 ,4.42,0.43
1/25/2021,324.580109,4155.00 ,1828.00 ,4.42,0.43
1/26/2021,323.110962,4155.00 ,1828.00 ,4.42,0.43
1/27/2021,311.071899,4155.00 ,1828.00 ,4.42,0.43
1/28/2021,319.738861,4155.00 ,1828.00 ,4.42,0.43
1/29/2021,311.860779,4155.00 ,1828.00 ,4.42,0.43
2/1/2021,317.056946,4155.00 ,1828.00 ,4.42,0.43
2/2/2021,329.687622,4155.00 ,1828.00 ,4.42,0.43
2/3/2021,328.159271,4155.00 ,1828.00 ,4.42,0.43
2/4/2021,336.057098,4155.00 ,1828.00 ,4.42,0.43
2/5/2021,334.006195,4155.00 ,1828.00 ,4.42,0.43
2/8/2021,332.310272,4155.00 ,1828.00 ,4.42,0.43
2/9/2021,328.770569,4155.00 ,1828.00 ,4.42,0.43
2/10/2021,329.529755,4155.00 ,1828.00 ,4.42,0.43
2/11/2021,338.068481,4155.00 ,1828.00 ,4.42,0.43
2/12/2021,336.22467,4155.00 ,1828.00 ,4.42,0.43
2/16/2021,336.431824,4155.00 ,1828.00 ,4.42,0.43
2/17/2021,332.606079,4155.00 ,1828.00 ,4.42,0.43
2/18/2021,333.720215,4155.00 ,1828.00 ,4.42,0.43
2/19/2021,328.504333,4155.00 ,1828.00 ,4.42,0.43
2/22/2021,335.889465,4155.00 ,1828.00 ,4.42,0.43
2/23/2021,345.512848,4155.00 ,1828.00 ,4.42,0.43
2/24/2021,362.176117,4155.00 ,1828.00 ,4.42,0.43
2/25/2021,349.604706,4155.00 ,1828.00 ,4.42,0.43
2/26/2021,348.894745,4155.00 ,1828.00 ,4.42,0.43
3/1/2021,357.818024,4155.00 ,1828.00 ,4.42,0.43
3/2/2021,357.739136,4155.00 ,1828.00 ,4.42,0.43
3/3/2021,355.205109,4155.00 ,1828.00 ,4.42,0.43
3/4/2021,344.605713,4155.00 ,1828.00 ,4.42,0.43
3/5/2021,355.826324,4155.00 ,1828.00 ,4.42,0.43
3/8/2021,366.130005,4155.00 ,1828.00 ,4.42,0.43
3/9/2021,371.247284,4155.00 ,1828.00 ,4.42,0.43
3/10/2021,376.354767,4155.00 ,1828.00 ,4.42,0.43
3/11/2021,378.997223,4155.00 ,1828.00 ,4.42,0.43
3/12/2021,377.350586,4155.00 ,1828.00 ,4.42,0.43
3/15/2021,376.41391,4155.00 ,1828.00 ,4.42,0.43
3/16/2021,377.025238,4155.00 ,1828.00 ,4.42,0.43
3/17/2021,373.377075,4155.00 ,1828.00 ,4.42,0.43
3/18/2021,361.860596,4155.00 ,1828.00 ,4.42,0.43
3/19/2021,351.517487,4155.00 ,1828.00 ,4.42,0.43
3/22/2021,353.381042,4155.00 ,1828.00 ,4.42,0.43
3/23/2021,350.294861,4155.00 ,1828.00 ,4.42,0.43
3/24/2021,354.613556,4155.00 ,1828.00 ,4.42,0.43
3/25/2021,353.341614,4155.00 ,1828.00 ,4.42,0.43
3/26/2021,361.012665,4155.00 ,1828.00 ,4.42,0.43
3/29/2021,357.827911,4155.00 ,1828.00 ,4.42,0.43
3/30/2021,353.183899,4155.00 ,1828.00 ,4.42,0.43
3/31/2021,351.063904,4155.00 ,1828.00 ,4.42,0.43
4/1/2021,358.212402,4528.00 ,2066.00 ,4.34,0.46
4/5/2021,363.16214,4528.00 ,2066.00 ,4.34,0.46
4/6/2021,364.394653,4528.00 ,2066.00 ,4.34,0.46
4/7/2021,365.883453,4528.00 ,2066.00 ,4.34,0.46
4/8/2021,372.892334,4528.00 ,2066.00 ,4.34,0.46
4/9/2021,375.202301,4528.00 ,2066.00 ,4.34,0.46
4/12/2021,374.965424,4528.00 ,2066.00 ,4.34,0.46
4/13/2021,373.277344,4528.00 ,2066.00 ,4.34,0.46
4/14/2021,373.464905,4528.00 ,2066.00 ,4.34,0.46
4/15/2021,381.53006,4528.00 ,2066.00 ,4.34,0.46
4/16/2021,381.214142,4528.00 ,2066.00 ,4.34,0.46
4/19/2021,377.255676,4528.00 ,2066.00 ,4.34,0.46
4/20/2021,371.7966,4528.00 ,2066.00 ,4.34,0.46
4/21/2021,378.183594,4528.00 ,2066.00 ,4.34,0.46
4/22/2021,378.440216,4528.00 ,2066.00 ,4.34,0.46
4/23/2021,382.092743,4528.00 ,2066.00 ,4.34,0.46
4/26/2021,382.497498,4528.00 ,2066.00 ,4.34,0.46
4/27/2021,384.077026,4528.00 ,2066.00 ,4.34,0.46
4/28/2021,390.57251,4528.00 ,2066.00 ,4.34,0.46
4/29/2021,383.958557,4528.00 ,2066.00 ,4.34,0.46
4/30/2021,377.156891,4528.00 ,2066.00 ,4.34,0.46
5/3/2021,374.531036,4528.00 ,2066.00 ,4.34,0.46
5/4/2021,371.085815,4528.00 ,2066.00 ,4.34,0.46
5/5/2021,364.402679,4528.00 ,2066.00 ,4.34,0.46
5/6/2021,370.661377,4528.00 ,2066.00 ,4.34,0.46
5/7/2021,370.582367,4528.00 ,2066.00 ,4.34,0.46
5/10/2021,361.638672,4528.00 ,2066.00 ,4.34,0.46
5/11/2021,362.892334,4528.00 ,2066.00 ,4.34,0.46
5/12/2021,352.043365,4528.00 ,2066.00 ,4.34,0.46
5/13/2021,355.39978,4528.00 ,2066.00 ,4.34,0.46
5/14/2021,359.239838,4528.00 ,2066.00 ,4.34,0.46
5/17/2021,358.637695,4528.00 ,2066.00 ,4.34,0.46
5/18/2021,358.410614,4528.00 ,2066.00 ,4.34,0.46
5/19/2021,356.347443,4528.00 ,2066.00 ,4.34,0.46
5/20/2021,362.981232,4528.00 ,2066.00 ,4.34,0.46
5/21/2021,362.882538,4528.00 ,2066.00 ,4.34,0.46
5/24/2021,367.601196,4528.00 ,2066.00 ,4.34,0.46
5/25/2021,362.507355,4528.00 ,2066.00 ,4.34,0.46
5/26/2021,357.996002,4528.00 ,2066.00 ,4.34,0.46
5/27/2021,357.35437,4528.00 ,2066.00 ,4.34,0.46
5/28/2021,355.952515,4528.00 ,2066.00 ,4.34,0.46
6/1/2021,355.172729,4528.00 ,2066.00 ,4.34,0.46
6/2/2021,362.14212,4528.00 ,2066.00 ,4.34,0.46
6/3/2021,357.176636,4528.00 ,2066.00 ,4.34,0.46
6/4/2021,361.322754,4528.00 ,2066.00 ,4.34,0.46
6/7/2021,359.407684,4528.00 ,2066.00 ,4.34,0.46
6/8/2021,360.572479,4528.00 ,2066.00 ,4.34,0.46
6/9/2021,358.667267,4528.00 ,2066.00 ,4.34,0.46
6/10/2021,359.624817,4528.00 ,2066.00 ,4.34,0.46
6/11/2021,360.809418,4528.00 ,2066.00 ,4.34,0.46
6/14/2021,361.816315,4528.00 ,2066.00 ,4.34,0.46
6/15/2021,363.395813,4528.00 ,2066.00 ,4.34,0.46
6/16/2021,359.151001,4528.00 ,2066.00 ,4.34,0.46
6/17/2021,362.576447,4528.00 ,2066.00 ,4.34,0.46
6/18/2021,362.704803,4528.00 ,2066.00 ,4.34,0.46
6/21/2021,368.302002,4528.00 ,2066.00 ,4.34,0.46
6/22/2021,373.188568,4528.00 ,2066.00 ,4.34,0.46
6/23/2021,370.325684,4528.00 ,2066.00 ,4.34,0.46
6/24/2021,369.940735,4528.00 ,2066.00 ,4.34,0.46
6/25/2021,374.738342,4528.00 ,2066.00 ,4.34,0.46
6/28/2021,362.961487,4528.00 ,2066.00 ,4.34,0.46
6/29/2021,363.277374,4528.00 ,2066.00 ,4.34,0.46
6/30/2021,360.404724,4528.00 ,2066.00 ,4.34,0.46
7/1/2021,365.952576,4985.00 ,2414.00 ,4.23,0.48
7/2/2021,370.217133,4985.00 ,2414.00 ,4.23,0.48
7/6/2021,371.293182,4985.00 ,2414.00 ,4.23,0.48
7/7/2021,369.121429,4985.00 ,2414.00 ,4.23,0.48
7/8/2021,365.869812,4985.00 ,2414.00 ,4.23,0.48
7/9/2021,368.587708,4985.00 ,2414.00 ,4.23,0.48
7/12/2021,371.177063,4985.00 ,2414.00 ,4.23,0.48
7/13/2021,379.231995,4985.00 ,2414.00 ,4.23,0.48
7/14/2021,386.239227,4985.00 ,2414.00 ,4.23,0.48
7/15/2021,385.675873,4985.00 ,2414.00 ,4.23,0.48
7/16/2021,382.602173,4985.00 ,2414.00 ,4.23,0.48
7/19/2021,361.185059,4985.00 ,2414.00 ,4.23,0.48
7/20/2021,370.020752,4985.00 ,2414.00 ,4.23,0.48
7/21/2021,375.624603,4985.00 ,2414.00 ,4.23,0.48
7/22/2021,377.700104,4985.00 ,2414.00 ,4.23,0.48
7/23/2021,388.670532,4985.00 ,2414.00 ,4.23,0.48
7/26/2021,388.215912,4985.00 ,2414.00 ,4.23,0.48
7/27/2021,385.715393,4985.00 ,2414.00 ,4.23,0.48
7/28/2021,378.965149,4985.00 ,2414.00 ,4.23,0.48
7/29/2021,384.272461,4985.00 ,2414.00 ,4.23,0.48
7/30/2021,381.435974,4985.00 ,2414.00 ,4.23,0.48
8/2/2021,370.880585,4985.00 ,2414.00 ,4.23,0.48
8/3/2021,363.309998,4985.00 ,2414.00 ,4.23,0.48
8/4/2021,363.71521,4985.00 ,2414.00 ,4.23,0.48
8/5/2021,367.599365,4985.00 ,2414.00 ,4.23,0.48
8/6/2021,370.159119,4985.00 ,2414.00 ,4.23,0.48
8/9/2021,366.354065,4985.00 ,2414.00 ,4.23,0.48
8/10/2021,363.547211,4985.00 ,2414.00 ,4.23,0.48
8/11/2021,359.989227,4985.00 ,2414.00 ,4.23,0.48
8/12/2021,357.755585,4985.00 ,2414.00 ,4.23,0.48
8/13/2021,358.516602,4985.00 ,2414.00 ,4.23,0.48
8/16/2021,359.317139,4985.00 ,2414.00 ,4.23,0.48
8/17/2021,358.990997,4985.00 ,2414.00 ,4.23,0.48
8/18/2021,356.73764,4985.00 ,2414.00 ,4.23,0.48
8/19/2021,353.140106,4985.00 ,2414.00 ,4.23,0.48
8/20/2021,350.847168,4985.00 ,2414.00 ,4.23,0.48
8/23/2021,356.796875,4985.00 ,2414.00 ,4.23,0.48
8/24/2021,357.557922,4985.00 ,2414.00 ,4.23,0.48
8/25/2021,354.909241,4985.00 ,2414.00 ,4.23,0.48
8/26/2021,348.742035,4985.00 ,2414.00 ,4.23,0.48
8/27/2021,351.578552,4985.00 ,2414.00 ,4.23,0.48
8/30/2021,348.92984,4985.00 ,2414.00 ,4.23,0.48
8/31/2021,342.189392,4985.00 ,2414.00 ,4.23,0.48
9/1/2021,345.490448,4985.00 ,2414.00 ,4.23,0.48
9/2/2021,337.29718,4985.00 ,2414.00 ,4.23,0.48
9/3/2021,336.25943,4985.00 ,2414.00 ,4.23,0.48
9/7/2021,340.687164,4985.00 ,2414.00 ,4.23,0.48
9/8/2021,346.943268,4985.00 ,2414.00 ,4.23,0.48
9/9/2021,347.30896,4985.00 ,2414.00 ,4.23,0.48
9/10/2021,343.335876,4985.00 ,2414.00 ,4.23,0.48
9/13/2021,343.760803,4985.00 ,2414.00 ,4.23,0.48
9/14/2021,341.764435,4985.00 ,2414.00 ,4.23,0.48
9/15/2021,340.726685,4985.00 ,2414.00 ,4.23,0.48
9/16/2021,342.268494,4985.00 ,2414.00 ,4.23,0.48
9/17/2021,339.036652,4985.00 ,2414.00 ,4.23,0.48
9/20/2021,335.725708,4985.00 ,2414.00 ,4.23,0.48
9/21/2021,333.442657,4985.00 ,2414.00 ,4.23,0.48
9/22/2021,339.402313,4985.00 ,2414.00 ,4.23,0.48
9/23/2021,349.937897,4985.00 ,2414.00 ,4.23,0.48
9/24/2021,353.980164,4985.00 ,2414.00 ,4.23,0.48
9/27/2021,352.606354,4985.00 ,2414.00 ,4.23,0.48
9/28/2021,347.081635,4985.00 ,2414.00 ,4.23,0.48
9/29/2021,349.068146,4985.00 ,2414.00 ,4.23,0.48
9/30/2021,343.622437,4985.00 ,2414.00 ,4.23,0.48
10/1/2021,355.976563,5216.00 ,2379.00 ,4.1,0.5
10/4/2021,340.183105,5216.00 ,2379.00 ,4.1,0.5
10/5/2021,339.20462,5216.00 ,2379.00 ,4.1,0.5
10/6/2021,344.620728,5216.00 ,2379.00 ,4.1,0.5
10/7/2021,350.22171,5216.00 ,2379.00 ,4.1,0.5
10/8/2021,351.260742,5216.00 ,2379.00 ,4.1,0.5
10/11/2021,343.532166,5216.00 ,2379.00 ,4.1,0.5
10/12/2021,341.741028,5216.00 ,2379.00 ,4.1,0.5
10/13/2021,338.782166,5216.00 ,2379.00 ,4.1,0.5
10/14/2021,340.988922,5216.00 ,2379.00 ,4.1,0.5
10/15/2021,352.289948,5216.00 ,2379.00 ,4.1,0.5
10/18/2021,354.704529,5216.00 ,2379.00 ,4.1,0.5
10/19/2021,358.326385,5216.00 ,2379.00 ,4.1,0.5
10/20/2021,353.05188,5216.00 ,2379.00 ,4.1,0.5
10/21/2021,352.497742,5216.00 ,2379.00 ,4.1,0.5
10/22/2021,354.932098,5216.00 ,2379.00 ,4.1,0.5
10/25/2021,357.099243,5216.00 ,2379.00 ,4.1,0.5
10/26/2021,353.596161,5216.00 ,2379.00 ,4.1,0.5
10/27/2021,332.221283,5216.00 ,2379.00 ,4.1,0.5
10/28/2021,329.559326,5216.00 ,2379.00 ,4.1,0.5
10/29/2021,332.023376,5216.00 ,2379.00 ,4.1,0.5
11/1/2021,330.568665,5216.00 ,2379.00 ,4.1,0.5
11/2/2021,325.056732,5216.00 ,2379.00 ,4.1,0.5
11/3/2021,325.996826,5216.00 ,2379.00 ,4.1,0.5
11/4/2021,331.934265,5216.00 ,2379.00 ,4.1,0.5
11/5/2021,345.15506,5216.00 ,2379.00 ,4.1,0.5
11/8/2021,346.025909,5216.00 ,2379.00 ,4.1,0.5
11/9/2021,341.058228,5216.00 ,2379.00 ,4.1,0.5
11/10/2021,354.209717,5216.00 ,2379.00 ,4.1,0.5
11/11/2021,350.647217,5216.00 ,2379.00 ,4.1,0.5
11/12/2021,359.711731,5216.00 ,2379.00 ,4.1,0.5
11/15/2021,357.594055,5216.00 ,2379.00 ,4.1,0.5
11/16/2021,365.708618,5216.00 ,2379.00 ,4.1,0.5
11/17/2021,355.42691,5216.00 ,2379.00 ,4.1,0.5
11/18/2021,344.591034,5216.00 ,2379.00 ,4.1,0.5
11/19/2021,336.179596,5216.00 ,2379.00 ,4.1,0.5
11/22/2021,317.951538,5216.00 ,2379.00 ,4.1,0.5
11/23/2021,325.57132,5216.00 ,2379.00 ,4.1,0.5
11/24/2021,336.456635,5216.00 ,2379.00 ,4.1,0.5
11/26/2021,320.791687,5216.00 ,2379.00 ,4.1,0.5
11/29/2021,319.643707,5216.00 ,2379.00 ,4.1,0.5
11/30/2021,311.638062,5216.00 ,2379.00 ,4.1,0.5
12/1/2021,303.088074,5216.00 ,2379.00 ,4.1,0.5
12/2/2021,316.863037,5216.00 ,2379.00 ,4.1,0.5
12/3/2021,318.753082,5216.00 ,2379.00 ,4.1,0.5
12/6/2021,329.856171,5216.00 ,2379.00 ,4.1,0.5
12/7/2021,335.971741,5216.00 ,2379.00 ,4.1,0.5
12/8/2021,338.772278,5216.00 ,2379.00 ,4.1,0.5
12/9/2021,340.929535,5216.00 ,2379.00 ,4.1,0.5
12/10/2021,346.273285,5216.00 ,2379.00 ,4.1,0.5
12/13/2021,341.711334,5216.00 ,2379.00 ,4.1,0.5
12/14/2021,337.000885,5216.00 ,2379.00 ,4.1,0.5
12/15/2021,342.740509,5216.00 ,2379.00 ,4.1,0.5
12/16/2021,349.242004,5216.00 ,2379.00 ,4.1,0.5
12/17/2021,345.669617,5216.00 ,2379.00 ,4.1,0.5
12/20/2021,333.50769,5216.00 ,2379.00 ,4.1,0.5
12/21/2021,347.084686,5216.00 ,2379.00 ,4.1,0.5
12/22/2021,353.754547,5216.00 ,2379.00 ,4.1,0.5
12/23/2021,356.822174,5216.00 ,2379.00 ,4.1,0.5
12/27/2021,356.554993,5216.00 ,2379.00 ,4.1,0.5
12/28/2021,357.020142,5216.00 ,2379.00 ,4.1,0.5
12/29/2021,357.524841,5216.00 ,2379.00 ,4.1,0.5
12/30/2021,357.227905,5216.00 ,2379.00 ,4.1,0.5
12/31/2021,355.575317,5216.00 ,2379.00 ,4.1,0.5
1/3/2022,367.084106,5167.00 ,2631.00 ,4.23,0.53
1/4/2022,371.477905,5167.00 ,2631.00 ,4.23,0.53
1/5/2022,370.003387,5167.00 ,2631.00 ,4.23,0.53
1/6/2022,366.624512,5167.00 ,2631.00 ,4.23,0.53
1/7/2022,366.277649,5167.00 ,2631.00 ,4.23,0.53
1/10/2022,360.590057,5167.00 ,2631.00 ,4.23,0.53
1/11/2022,362.948334,5167.00 ,2631.00 ,4.23,0.53
1/12/2022,363.959015,5167.00 ,2631.00 ,4.23,0.53
1/13/2022,366.148834,5167.00 ,2631.00 ,4.23,0.53
1/14/2022,368.744995,5167.00 ,2631.00 ,4.23,0.53
1/18/2022,362.958252,5167.00 ,2631.00 ,4.23,0.53
1/19/2022,357.439087,5167.00 ,2631.00 ,4.23,0.53
1/20/2022,360.67923,5167.00 ,2631.00 ,4.23,0.53
1/21/2022,351.840576,5167.00 ,2631.00 ,4.23,0.53
1/24/2022,346.232208,5167.00 ,2631.00 ,4.23,0.53
1/25/2022,335.669525,5167.00 ,2631.00 ,4.23,0.53
1/26/2022,341.515656,5167.00 ,2631.00 ,4.23,0.53
1/27/2022,347.332123,5167.00 ,2631.00 ,4.23,0.53
1/28/2022,379.020386,5167.00 ,2631.00 ,4.23,0.53
1/31/2022,382.855042,5167.00 ,2631.00 ,4.23,0.53
2/1/2022,388.483246,5167.00 ,2631.00 ,4.23,0.53
2/2/2022,393.130463,5167.00 ,2631.00 ,4.23,0.53
2/3/2022,386.511383,5167.00 ,2631.00 ,4.23,0.53
2/4/2022,378.713226,5167.00 ,2631.00 ,4.23,0.53
2/7/2022,372.698578,5167.00 ,2631.00 ,4.23,0.53
2/8/2022,370.954651,5167.00 ,2631.00 ,4.23,0.53
2/9/2022,377.890778,5167.00 ,2631.00 ,4.23,0.53
2/10/2022,370.974457,5167.00 ,2631.00 ,4.23,0.53
2/11/2022,366.396576,5167.00 ,2631.00 ,4.23,0.53
2/14/2022,370.746552,5167.00 ,2631.00 ,4.23,0.53
2/15/2022,378.059235,5167.00 ,2631.00 ,4.23,0.53
2/16/2022,379.436554,5167.00 ,2631.00 ,4.23,0.53
2/17/2022,370.290771,5167.00 ,2631.00 ,4.23,0.53
2/18/2022,366.574951,5167.00 ,2631.00 ,4.23,0.53
2/22/2022,364.930084,5167.00 ,2631.00 ,4.23,0.53
2/23/2022,357.93454,5167.00 ,2631.00 ,4.23,0.53
2/24/2022,366.010162,5167.00 ,2631.00 ,4.23,0.53
2/25/2022,365.722809,5167.00 ,2631.00 ,4.23,0.53
2/28/2022,357.528259,5167.00 ,2631.00 ,4.23,0.53
3/1/2022,341.337311,5167.00 ,2631.00 ,4.23,0.53
3/2/2022,340.950836,5167.00 ,2631.00 ,4.23,0.53
3/3/2022,337.87912,5167.00 ,2631.00 ,4.23,0.53
3/4/2022,327.742462,5167.00 ,2631.00 ,4.23,0.53
3/7/2022,310.065216,5167.00 ,2631.00 ,4.23,0.53
3/8/2022,311.462372,5167.00 ,2631.00 ,4.23,0.53
3/9/2022,325.136475,5167.00 ,2631.00 ,4.23,0.53
3/10/2022,321.628784,5167.00 ,2631.00 ,4.23,0.53
3/11/2022,321.826965,5167.00 ,2631.00 ,4.23,0.53
3/14/2022,325.592224,5167.00 ,2631.00 ,4.23,0.53
3/15/2022,331.943787,5167.00 ,2631.00 ,4.23,0.53
3/16/2022,341.535461,5167.00 ,2631.00 ,4.23,0.53
3/17/2022,343.279449,5167.00 ,2631.00 ,4.23,0.53
3/18/2022,346.896118,5167.00 ,2631.00 ,4.23,0.53
3/21/2022,342.427277,5167.00 ,2631.00 ,4.23,0.53
3/22/2022,346.341248,5167.00 ,2631.00 ,4.23,0.53
3/23/2022,339.058289,5167.00 ,2631.00 ,4.23,0.53
3/24/2022,346.162903,5167.00 ,2631.00 ,4.23,0.53
3/25/2022,345.835876,5167.00 ,2631.00 ,4.23,0.53
3/28/2022,347.29248,5167.00 ,2631.00 ,4.23,0.53
3/29/2022,364.196869,5167.00 ,2631.00 ,4.23,0.53
3/30/2022,358.935242,5167.00 ,2631.00 ,4.23,0.53
3/31/2022,354.119629,5167.00 ,2631.00 ,4.23,0.53
4/1/2022,360.649536,5497.00 ,2275.00 ,4.81,0.57
4/4/2022,363.562683,5497.00 ,2275.00 ,4.81,0.57
4/5/2022,360.005402,5497.00 ,2275.00 ,4.81,0.57
4/6/2022,350.324524,5497.00 ,2275.00 ,4.81,0.57
4/7/2022,346.841736,5497.00 ,2275.00 ,4.81,0.57
4/8/2022,349.54068,5497.00 ,2275.00 ,4.81,0.57
4/11/2022,344.67865,5497.00 ,2275.00 ,4.81,0.57
4/12/2022,343.120819,5497.00 ,2275.00 ,4.81,0.57
4/13/2022,352.388489,5497.00 ,2275.00 ,4.81,0.57
4/14/2022,355.047668,5497.00 ,2275.00 ,4.81,0.57
4/18/2022,354.035553,5497.00 ,2275.00 ,4.81,0.57
4/19/2022,361.050812,5497.00 ,2275.00 ,4.81,0.57
4/20/2022,362.459808,5497.00 ,2275.00 ,4.81,0.57
4/21/2022,361.616394,5497.00 ,2275.00 ,4.81,0.57
4/22/2022,348.459106,5497.00 ,2275.00 ,4.81,0.57
4/25/2022,351.852631,5497.00 ,2275.00 ,4.81,0.57
4/26/2022,341.443878,5497.00 ,2275.00 ,4.81,0.57
4/27/2022,358.768646,5497.00 ,2275.00 ,4.81,0.57
4/28/2022,375.894928,5497.00 ,2275.00 ,4.81,0.57
4/29/2022,360.564575,5497.00 ,2275.00 ,4.81,0.57
5/2/2022,356.25827,5497.00 ,2275.00 ,4.81,0.57
5/3/2022,355.017944,5497.00 ,2275.00 ,4.81,0.57
5/4/2022,365.664764,5497.00 ,2275.00 ,4.81,0.57
5/5/2022,350.632172,5497.00 ,2275.00 ,4.81,0.57
5/6/2022,344.430603,5497.00 ,2275.00 ,4.81,0.57
5/9/2022,325.448792,5497.00 ,2275.00 ,4.81,0.57
5/10/2022,322.809357,5497.00 ,2275.00 ,4.81,0.57
5/11/2022,323.345215,5497.00 ,2275.00 ,4.81,0.57
5/12/2022,318.751099,5497.00 ,2275.00 ,4.81,0.57
5/13/2022,330.221527,5497.00 ,2275.00 ,4.81,0.57
5/16/2022,327.175354,5497.00 ,2275.00 ,4.81,0.57
5/17/2022,336.234558,5497.00 ,2275.00 ,4.81,0.57
5/18/2022,333.297485,5497.00 ,2275.00 ,4.81,0.57
5/19/2022,329.646027,5497.00 ,2275.00 ,4.81,0.57
5/20/2022,333.575348,5497.00 ,2275.00 ,4.81,0.57
5/23/2022,345.730408,5497.00 ,2275.00 ,4.81,0.57
5/24/2022,338.050415,5497.00 ,2275.00 ,4.81,0.57
5/25/2022,342.088898,5497.00 ,2275.00 ,4.81,0.57
5/26/2022,347.179138,5497.00 ,2275.00 ,4.81,0.57
5/27/2022,355.007965,5497.00 ,2275.00 ,4.81,0.57
5/31/2022,355.09729,5497.00 ,2275.00 ,4.81,0.57
6/1/2022,354.293579,5497.00 ,2275.00 ,4.81,0.57
6/2/2022,360.266907,5497.00 ,2275.00 ,4.81,0.57
6/3/2022,355.047668,5497.00 ,2275.00 ,4.81,0.57
6/6/2022,357.349701,5497.00 ,2275.00 ,4.81,0.57
6/7/2022,361.199646,5497.00 ,2275.00 ,4.81,0.57
6/8/2022,359.522736,5497.00 ,2275.00 ,4.81,0.57
6/9/2022,346.296021,5497.00 ,2275.00 ,4.81,0.57
6/10/2022,332.156403,5497.00 ,2275.00 ,4.81,0.57
6/13/2022,317.262695,5497.00 ,2275.00 ,4.81,0.57
6/14/2022,319.644165,5497.00 ,2275.00 ,4.81,0.57
6/15/2022,322.868927,5497.00 ,2275.00 ,4.81,0.57
6/16/2022,306.387604,5497.00 ,2275.00 ,4.81,0.57
6/17/2022,308.282837,5497.00 ,2275.00 ,4.81,0.57
6/21/2022,314.940826,5497.00 ,2275.00 ,4.81,0.57
6/22/2022,313.700562,5497.00 ,2275.00 ,4.81,0.57
6/23/2022,314.305786,5497.00 ,2275.00 ,4.81,0.57
6/24/2022,327.939331,5497.00 ,2275.00 ,4.81,0.57
6/27/2022,326.282318,5497.00 ,2275.00 ,4.81,0.57
6/28/2022,315.823975,5497.00 ,2275.00 ,4.81,0.57
6/29/2022,320.090668,5497.00 ,2275.00 ,4.81,0.57
6/30/2022,313.035736,5497.00 ,2275.00 ,4.81,0.57
7/1/2022,315.774292,5756.00 ,2499.00 ,4.86,0.58
7/5/2022,316.786469,5756.00 ,2499.00 ,4.86,0.58
7/6/2022,317.689423,5756.00 ,2499.00 ,4.86,0.58
7/7/2022,322.052063,5756.00 ,2499.00 ,4.86,0.58
7/8/2022,321.04834,5756.00 ,2499.00 ,4.86,0.58
7/11/2022,322.171295,5756.00 ,2499.00 ,4.86,0.58
7/12/2022,320.849579,5756.00 ,2499.00 ,4.86,0.58
7/13/2022,321.356384,5756.00 ,2499.00 ,4.86,0.58
7/14/2022,323.006042,5756.00 ,2499.00 ,4.86,0.58
7/15/2022,330.499115,5756.00 ,2499.00 ,4.86,0.58
7/18/2022,328.948853,5756.00 ,2499.00 ,4.86,0.58
7/19/2022,338.260498,5756.00 ,2499.00 ,4.86,0.58
7/20/2022,339.144928,5756.00 ,2499.00 ,4.86,0.58
7/21/2022,344.759766,5756.00 ,2499.00 ,4.86,0.58
7/22/2022,341.738678,5756.00 ,2499.00 ,4.86,0.58
7/25/2022,342.06665,5756.00 ,2499.00 ,4.86,0.58
7/26/2022,339.154877,5756.00 ,2499.00 ,4.86,0.58
7/27/2022,341.132477,5756.00 ,2499.00 ,4.86,0.58
7/28/2022,350.25531,5756.00 ,2499.00 ,4.86,0.58
7/29/2022,351.586975,5756.00 ,2499.00 ,4.86,0.58
8/1/2022,348.357208,5756.00 ,2499.00 ,4.86,0.58
8/2/2022,346.836761,5756.00 ,2499.00 ,4.86,0.58
8/3/2022,351.924835,5756.00 ,2499.00 ,4.86,0.58
8/4/2022,353.852783,5756.00 ,2499.00 ,4.86,0.58
8/5/2022,355.283813,5756.00 ,2499.00 ,4.86,0.58
8/8/2022,349.967133,5756.00 ,2499.00 ,4.86,0.58
8/9/2022,344.382111,5756.00 ,2499.00 ,4.86,0.58
8/10/2022,351.179565,5756.00 ,2499.00 ,4.86,0.58
8/11/2022,348.396973,5756.00 ,2499.00 ,4.86,0.58
8/12/2022,352.063995,5756.00 ,2499.00 ,4.86,0.58
8/15/2022,357.708618,5756.00 ,2499.00 ,4.86,0.58
8/16/2022,357.01297,5756.00 ,2499.00 ,4.86,0.58
8/17/2022,353.117401,5756.00 ,2499.00 ,4.86,0.58
8/18/2022,355.134735,5756.00 ,2499.00 ,4.86,0.58
8/19/2022,352.073914,5756.00 ,2499.00 ,4.86,0.58
8/22/2022,343.358551,5756.00 ,2499.00 ,4.86,0.58
8/23/2022,338.767334,5756.00 ,2499.00 ,4.86,0.58
8/24/2022,337.594635,5756.00 ,2499.00 ,4.86,0.58
8/25/2022,342.523804,5756.00 ,2499.00 ,4.86,0.58
8/26/2022,329.892883,5756.00 ,2499.00 ,4.86,0.58
8/29/2022,327.299164,5756.00 ,2499.00 ,4.86,0.58
8/30/2022,325.768768,5756.00 ,2499.00 ,4.86,0.58
8/31/2022,322.350159,5756.00 ,2499.00 ,4.86,0.58
9/1/2022,323.224701,5756.00 ,2499.00 ,4.86,0.58
9/2/2022,320.551422,5756.00 ,2499.00 ,4.86,0.58
9/6/2022,322.061981,5756.00 ,2499.00 ,4.86,0.58
9/7/2022,326.57373,5756.00 ,2499.00 ,4.86,0.58
9/8/2022,328.014679,5756.00 ,2499.00 ,4.86,0.58
9/9/2022,333.758698,5756.00 ,2499.00 ,4.86,0.58
9/12/2022,336.312683,5756.00 ,2499.00 ,4.86,0.58
9/13/2022,323.413513,5756.00 ,2499.00 ,4.86,0.58
9/14/2022,323.820953,5756.00 ,2499.00 ,4.86,0.58
9/15/2022,314.986328,5756.00 ,2499.00 ,4.86,0.58
9/16/2022,313.167725,5756.00 ,2499.00 ,4.86,0.58
9/19/2022,312.074554,5756.00 ,2499.00 ,4.86,0.58
9/20/2022,311.319305,5756.00 ,2499.00 ,4.86,0.58
9/21/2022,302.603912,5756.00 ,2499.00 ,4.86,0.58
9/22/2022,296.502106,5756.00 ,2499.00 ,4.86,0.58
9/23/2022,291.751892,5756.00 ,2499.00 ,4.86,0.58
9/26/2022,288.303467,5756.00 ,2499.00 ,4.86,0.58
9/27/2022,284.696106,5756.00 ,2499.00 ,4.86,0.58
9/28/2022,288.373077,5756.00 ,2499.00 ,4.86,0.58
9/29/2022,284.984314,5756.00 ,2499.00 ,4.86,0.58
9/30/2022,282.569458,5756.00 ,2499.00 ,4.86,0.58
10/3/2022,288.671234,5817.00 ,2525.00 ,5.09,0.61
10/4/2022,299.394012,5817.00 ,2525.00 ,5.09,0.61
10/5/2022,302.305786,5817.00 ,2525.00 ,5.09,0.61
10/6/2022,297.846497,5817.00 ,2525.00 ,5.09,0.61
10/7/2022,293.606171,5817.00 ,2525.00 ,5.09,0.61
10/10/2022,290.430908,5817.00 ,2525.00 ,5.09,0.61
10/11/2022,284.727417,5817.00 ,2525.00 ,5.09,0.61
10/12/2022,282.069794,5817.00 ,2525.00 ,5.09,0.61
10/13/2022,292.600861,5817.00 ,2525.00 ,5.09,0.61
10/14/2022,287.355225,5817.00 ,2525.00 ,5.09,0.61
10/17/2022,293.675873,5817.00 ,2525.00 ,5.09,0.61
10/18/2022,298.99118,5817.00 ,2525.00 ,5.09,0.61
10/19/2022,296.38327,5817.00 ,2525.00 ,5.09,0.61
10/20/2022,294.910126,5817.00 ,2525.00 ,5.09,0.61
10/21/2022,300.971954,5817.00 ,2525.00 ,5.09,0.61
10/24/2022,304.187042,5817.00 ,2525.00 ,5.09,0.61
10/25/2022,309.970154,5817.00 ,2525.00 ,5.09,0.61
10/26/2022,318.032684,5817.00 ,2525.00 ,5.09,0.61
10/27/2022,317.893372,5817.00 ,2525.00 ,5.09,0.61
10/28/2022,327.946686,5817.00 ,2525.00 ,5.09,0.61
10/31/2022,326.662628,5817.00 ,2525.00 ,5.09,0.61
11/1/2022,331.649445,5817.00 ,2525.00 ,5.09,0.61
11/2/2022,318.341278,5817.00 ,2525.00 ,5.09,0.61
11/3/2022,307.740509,5817.00 ,2525.00 ,5.09,0.61
11/4/2022,316.89798,5817.00 ,2525.00 ,5.09,0.61
11/7/2022,323.626709,5817.00 ,2525.00 ,5.09,0.61
11/8/2022,324.243866,5817.00 ,2525.00 ,5.09,0.61
11/9/2022,314.180634,5817.00 ,2525.00 ,5.09,0.61
11/10/2022,335.710571,5817.00 ,2525.00 ,5.09,0.61
11/11/2022,337.721252,5817.00 ,2525.00 ,5.09,0.61
11/14/2022,337.800903,5817.00 ,2525.00 ,5.09,0.61
11/15/2022,341.921753,5817.00 ,2525.00 ,5.09,0.61
11/16/2022,341.175232,5817.00 ,2525.00 ,5.09,0.61
11/17/2022,339.692078,5817.00 ,2525.00 ,5.09,0.61
11/18/2022,342.100922,5817.00 ,2525.00 ,5.09,0.61
11/21/2022,336.686066,5817.00 ,2525.00 ,5.09,0.61
11/22/2022,343.365021,5817.00 ,2525.00 ,5.09,0.61
11/23/2022,347.028046,5817.00 ,2525.00 ,5.09,0.61
11/25/2022,349.665771,5817.00 ,2525.00 ,5.09,0.61
11/28/2022,342.996735,5817.00 ,2525.00 ,5.09,0.61
11/29/2022,341.543488,5817.00 ,2525.00 ,5.09,0.61
11/30/2022,354.752136,5817.00 ,2525.00 ,5.09,0.61
12/1/2022,359.131805,5817.00 ,2525.00 ,5.09,0.61
12/2/2022,358.395203,5817.00 ,2525.00 ,5.09,0.61
12/5/2022,354.443573,5817.00 ,2525.00 ,5.09,0.61
12/6/2022,345.923187,5817.00 ,2525.00 ,5.09,0.61
12/7/2022,345.81366,5817.00 ,2525.00 ,5.09,0.61
12/8/2022,349.546326,5817.00 ,2525.00 ,5.09,0.61
12/9/2022,347.217133,5817.00 ,2525.00 ,5.09,0.61
12/12/2022,356.513977,5817.00 ,2525.00 ,5.09,0.61
12/13/2022,355.498688,5817.00 ,2525.00 ,5.09,0.61
12/14/2022,355.857025,5817.00 ,2525.00 ,5.09,0.61
12/15/2022,344.649078,5817.00 ,2525.00 ,5.09,0.61
12/16/2022,344.240967,5817.00 ,2525.00 ,5.09,0.61
12/19/2022,339.68219,5817.00 ,2525.00 ,5.09,0.61
12/20/2022,341.364349,5817.00 ,2525.00 ,5.09,0.61
12/21/2022,344.091675,5817.00 ,2525.00 ,5.09,0.61
12/22/2022,339.940918,5817.00 ,2525.00 ,5.09,0.61
12/23/2022,342.011322,5817.00 ,2525.00 ,5.09,0.61
12/27/2022,344.559479,5817.00 ,2525.00 ,5.09,0.61
12/28/2022,340.368958,5817.00 ,2525.00 ,5.09,0.61
12/29/2022,346.600037,5817.00 ,2525.00 ,5.09,0.61
12/30/2022,346.122223,5817.00 ,2525.00 ,5.09,0.61
