Date,Close price,Revenue,Net income,D/E Ratio,ROIC
1/3/2017,40.25,2975,384,1.29,
1/4/2017,41,2975,384,1.29,
1/5/2017,41.060001,2975,384,1.29,
1/6/2017,41.450001,2975,384,1.29,
1/9/2017,41.400002,2975,384,1.29,
1/10/2017,41.080002,2975,384,1.29,
1/11/2017,41.279999,2975,384,1.29,
1/12/2017,41.560001,2975,384,1.29,
1/13/2017,41.599998,2975,384,1.29,
1/17/2017,41.27,2975,384,1.29,
1/18/2017,41.349998,2975,384,1.29,
1/19/2017,41.27,2975,384,1.29,
1/20/2017,41.689999,2975,384,1.29,
1/23/2017,41.619999,2975,384,1.29,
1/24/2017,41.959999,2975,384,1.29,
1/25/2017,41.709999,2975,384,1.29,
1/26/2017,41.5,2975,384,1.29,
1/27/2017,40.27,2975,384,1.29,
1/30/2017,39.860001,2975,384,1.29,
1/31/2017,39.779999,2975,384,1.29,
2/1/2017,39.310001,2975,384,1.29,
2/2/2017,39.580002,2975,384,1.29,
2/3/2017,39.59,2975,384,1.29,
2/6/2017,39.740002,2975,384,1.29,
2/7/2017,40.02,2975,384,1.29,
2/8/2017,40.880001,2975,384,1.29,
2/9/2017,40.830002,2975,384,1.29,
2/10/2017,40.580002,2975,384,1.29,
2/13/2017,41.169998,2975,384,1.29,
2/14/2017,41.619999,2975,384,1.29,
2/15/2017,41.869999,2975,384,1.29,
2/16/2017,42.150002,2975,384,1.29,
2/17/2017,41.959999,2975,384,1.29,
2/21/2017,42.43,2975,384,1.29,
2/22/2017,42.419998,2975,384,1.29,
2/23/2017,42.529999,2975,384,1.29,
2/24/2017,43.07,2975,384,1.29,
2/27/2017,42.639999,2975,384,1.29,
2/28/2017,42,2975,384,1.29,
3/1/2017,42.43,2975,384,1.29,
3/2/2017,42.77,2975,384,1.29,
3/3/2017,43.029999,2975,384,1.29,
3/6/2017,42.869999,2975,384,1.29,
3/7/2017,42.889999,2975,384,1.29,
3/8/2017,42.790001,2975,384,1.29,
3/9/2017,42.919998,2975,384,1.29,
3/10/2017,42.990002,2975,384,1.29,
3/13/2017,42.59,2975,384,1.29,
3/14/2017,42.099998,2975,384,1.29,
3/15/2017,42.389999,2975,384,1.29,
3/16/2017,42.400002,2975,384,1.29,
3/17/2017,43.080002,2975,384,1.29,
3/20/2017,43.16,2975,384,1.29,
3/21/2017,42.639999,2975,384,1.29,
3/22/2017,43.189999,2975,384,1.29,
3/23/2017,43.139999,2975,384,1.29,
3/24/2017,43.130001,2975,384,1.29,
3/27/2017,43.080002,2975,384,1.29,
3/28/2017,43.150002,2975,384,1.29,
3/29/2017,43.240002,2975,384,1.29,
3/30/2017,43.540001,2975,384,1.29,
3/31/2017,43.02,2975,384,1.29,
4/3/2017,42.630001,3136,411,1.35,
4/4/2017,42.720001,3136,411,1.35,
4/5/2017,42.889999,3136,411,1.35,
4/6/2017,42.900002,3136,411,1.35,
4/7/2017,43.040001,3136,411,1.35,
4/10/2017,43.049999,3136,411,1.35,
4/11/2017,42.689999,3136,411,1.35,
4/12/2017,42.490002,3136,411,1.35,
4/13/2017,42.549999,3136,411,1.35,
4/17/2017,43.099998,3136,411,1.35,
4/18/2017,43.09,3136,411,1.35,
4/19/2017,43.299999,3136,411,1.35,
4/20/2017,43.689999,3136,411,1.35,
4/21/2017,43.810001,3136,411,1.35,
4/24/2017,44.27,3136,411,1.35,
4/25/2017,44.709999,3136,411,1.35,
4/26/2017,44.41,3136,411,1.35,
4/27/2017,47.150002,3136,411,1.35,
4/28/2017,47.720001,3136,411,1.35,
5/1/2017,47.540001,3136,411,1.35,
5/2/2017,49.049999,3136,411,1.35,
5/3/2017,49.02,3136,411,1.35,
5/4/2017,48.91,3136,411,1.35,
5/5/2017,49.299999,3136,411,1.35,
5/8/2017,49.169998,3136,411,1.35,
5/9/2017,49.220001,3136,411,1.35,
5/10/2017,49.790001,3136,411,1.35,
5/11/2017,49.700001,3136,411,1.35,
5/12/2017,49.369999,3136,411,1.35,
5/15/2017,49.77,3136,411,1.35,
5/16/2017,50.34,3136,411,1.35,
5/17/2017,49.049999,3136,411,1.35,
5/18/2017,49.110001,3136,411,1.35,
5/19/2017,49.389999,3136,411,1.35,
5/22/2017,49.77,3136,411,1.35,
5/23/2017,50.130001,3136,411,1.35,
5/24/2017,51.049999,3136,411,1.35,
5/25/2017,50.93,3136,411,1.35,
5/26/2017,51.189999,3136,411,1.35,
5/30/2017,51.060001,3136,411,1.35,
5/31/2017,52.209999,3136,411,1.35,
6/1/2017,53.16,3136,411,1.35,
6/2/2017,53.52,3136,411,1.35,
6/5/2017,53.799999,3136,411,1.35,
6/6/2017,53.400002,3136,411,1.35,
6/7/2017,53.849998,3136,411,1.35,
6/8/2017,54.389999,3136,411,1.35,
6/9/2017,53.400002,3136,411,1.35,
6/12/2017,52.16,3136,411,1.35,
6/13/2017,52.060001,3136,411,1.35,
6/14/2017,51.900002,3136,411,1.35,
6/15/2017,52.290001,3136,411,1.35,
6/16/2017,51.84,3136,411,1.35,
6/19/2017,52.93,3136,411,1.35,
6/20/2017,52.52,3136,411,1.35,
6/21/2017,53.540001,3136,411,1.35,
6/22/2017,53.869999,3136,411,1.35,
6/23/2017,54.330002,3136,411,1.35,
6/26/2017,53.740002,3136,411,1.35,
6/27/2017,52.73,3136,411,1.35,
6/28/2017,54.389999,3136,411,1.35,
6/29/2017,53.419998,3136,411,1.35,
6/30/2017,53.669998,3136,411,1.35,
7/3/2017,52.869999,3239,380,1.45,
7/5/2017,54.610001,3239,380,1.45,
7/6/2017,53.470001,3239,380,1.45,
7/7/2017,53.970001,3239,380,1.45,
7/10/2017,54.939999,3239,380,1.45,
7/11/2017,54.759998,3239,380,1.45,
7/12/2017,56.549999,3239,380,1.45,
7/13/2017,57.900002,3239,380,1.45,
7/14/2017,57.16,3239,380,1.45,
7/17/2017,57.580002,3239,380,1.45,
7/18/2017,58.959999,3239,380,1.45,
7/19/2017,58.349998,3239,380,1.45,
7/20/2017,59.09,3239,380,1.45,
7/21/2017,58.669998,3239,380,1.45,
7/24/2017,58.580002,3239,380,1.45,
7/25/2017,58.259998,3239,380,1.45,
7/26/2017,58.790001,3239,380,1.45,
7/27/2017,60.150002,3239,380,1.45,
7/28/2017,59.200001,3239,380,1.45,
7/31/2017,58.549999,3239,380,1.45,
8/1/2017,59.34,3239,380,1.45,
8/2/2017,59.119999,3239,380,1.45,
8/3/2017,58.419998,3239,380,1.45,
8/4/2017,58.860001,3239,380,1.45,
8/7/2017,59.619999,3239,380,1.45,
8/8/2017,59.48,3239,380,1.45,
8/9/2017,59.669998,3239,380,1.45,
8/10/2017,58.02,3239,380,1.45,
8/11/2017,58.040001,3239,380,1.45,
8/14/2017,59.060001,3239,380,1.45,
8/15/2017,59.689999,3239,380,1.45,
8/16/2017,60.290001,3239,380,1.45,
8/17/2017,59.290001,3239,380,1.45,
8/18/2017,59.439999,3239,380,1.45,
8/21/2017,59.400002,3239,380,1.45,
8/22/2017,60.84,3239,380,1.45,
8/23/2017,60.049999,3239,380,1.45,
8/24/2017,60,3239,380,1.45,
8/25/2017,59.970001,3239,380,1.45,
8/28/2017,60.529999,3239,380,1.45,
8/29/2017,61.009998,3239,380,1.45,
8/30/2017,61.77,3239,380,1.45,
8/31/2017,61.68,3239,380,1.45,
9/1/2017,61.459999,3239,380,1.45,
9/5/2017,61.27,3239,380,1.45,
9/6/2017,61.240002,3239,380,1.45,
9/7/2017,62,3239,380,1.45,
9/8/2017,61.130001,3239,380,1.45,
9/11/2017,62.639999,3239,380,1.45,
9/12/2017,62.560001,3239,380,1.45,
9/13/2017,62.040001,3239,380,1.45,
9/14/2017,62.240002,3239,380,1.45,
9/15/2017,62.5,3239,380,1.45,
9/18/2017,62.919998,3239,380,1.45,
9/19/2017,63.830002,3239,380,1.45,
9/20/2017,64.739998,3239,380,1.45,
9/21/2017,64.629997,3239,380,1.45,
9/22/2017,65.080002,3239,380,1.45,
9/25/2017,63.5,3239,380,1.45,
9/26/2017,62.939999,3239,380,1.45,
9/27/2017,63.330002,3239,380,1.45,
9/28/2017,63.93,3239,380,1.45,
9/29/2017,64.029999,3239,380,1.45,
10/2/2017,64.18,3744,620,1.55,
10/3/2017,64.220001,3744,620,1.55,
10/4/2017,64.010002,3744,620,1.55,
10/5/2017,65.82,3744,620,1.55,
10/6/2017,66.050003,3744,620,1.55,
10/9/2017,66.230003,3744,620,1.55,
10/10/2017,66.040001,3744,620,1.55,
10/11/2017,67.779999,3744,620,1.55,
10/12/2017,68.860001,3744,620,1.55,
10/13/2017,68.660004,3744,620,1.55,
10/16/2017,67.309998,3744,620,1.55,
10/17/2017,66.669998,3744,620,1.55,
10/18/2017,67.260002,3744,620,1.55,
10/19/2017,67.25,3744,620,1.55,
10/20/2017,70.970001,3744,620,1.55,
10/23/2017,69.800003,3744,620,1.55,
10/24/2017,70.209999,3744,620,1.55,
10/25/2017,71.019997,3744,620,1.55,
10/26/2017,71.339996,3744,620,1.55,
10/27/2017,71.059998,3744,620,1.55,
10/30/2017,71.150002,3744,620,1.55,
10/31/2017,72.559998,3744,620,1.55,
11/1/2017,72.379997,3744,620,1.55,
11/2/2017,72.25,3744,620,1.55,
11/3/2017,73.389999,3744,620,1.55,
11/6/2017,74.739998,3744,620,1.55,
11/7/2017,74.410004,3744,620,1.55,
11/8/2017,74.769997,3744,620,1.55,
11/9/2017,74.099998,3744,620,1.55,
11/10/2017,73.989998,3744,620,1.55,
11/13/2017,74.029999,3744,620,1.55,
11/14/2017,74.489998,3744,620,1.55,
11/15/2017,73.43,3744,620,1.55,
11/16/2017,77.699997,3744,620,1.55,
11/17/2017,76.379997,3744,620,1.55,
11/20/2017,76.010002,3744,620,1.55,
11/21/2017,77.769997,3744,620,1.55,
11/22/2017,77.57,3744,620,1.55,
11/24/2017,78.57,3744,620,1.55,
11/27/2017,77.839996,3744,620,1.55,
11/28/2017,77.790001,3744,620,1.55,
11/29/2017,73.25,3744,620,1.55,
11/30/2017,75.730003,3744,620,1.55,
12/1/2017,75.300003,3744,620,1.55,
12/4/2017,70.970001,3744,620,1.55,
12/5/2017,71.199997,3744,620,1.55,
12/6/2017,73.139999,3744,620,1.55,
12/7/2017,73.690002,3744,620,1.55,
12/8/2017,72.910004,3744,620,1.55,
12/11/2017,73.290001,3744,620,1.55,
12/12/2017,73.620003,3744,620,1.55,
12/13/2017,74.089996,3744,620,1.55,
12/14/2017,74.260002,3744,620,1.55,
12/15/2017,75.650002,3744,620,1.55,
12/18/2017,75.32,3744,620,1.55,
12/19/2017,74.5,3744,620,1.55,
12/20/2017,74,3744,620,1.55,
12/21/2017,74.019997,3744,620,1.55,
12/22/2017,73.889999,3744,620,1.55,
12/26/2017,74.269997,3744,620,1.55,
12/27/2017,74.589996,3744,620,1.55,
12/28/2017,74.169998,3744,620,1.55,
12/29/2017,73.620003,3744,620,1.55,
1/2/2018,73.839996,3685,511,1.89,
1/3/2018,76.75,3685,511,1.89,
1/4/2018,76.730003,3685,511,1.89,
1/5/2018,78.699997,3685,511,1.89,
1/8/2018,79.050003,3685,511,1.89,
1/9/2018,79.190002,3685,511,1.89,
1/10/2018,79.370003,3685,511,1.89,
1/11/2018,79.75,3685,511,1.89,
1/12/2018,80.540001,3685,511,1.89,
1/16/2018,80.419998,3685,511,1.89,
1/17/2018,82.470001,3685,511,1.89,
1/18/2018,82.940002,3685,511,1.89,
1/19/2018,83.839996,3685,511,1.89,
1/22/2018,83.980003,3685,511,1.89,
1/23/2018,84.209999,3685,511,1.89,
1/24/2018,83.709999,3685,511,1.89,
1/25/2018,84.339996,3685,511,1.89,
1/26/2018,85.449997,3685,511,1.89,
1/29/2018,84.309998,3685,511,1.89,
1/30/2018,83.779999,3685,511,1.89,
1/31/2018,85.32,3685,511,1.89,
2/1/2018,78.400002,3685,511,1.89,
2/2/2018,76.57,3685,511,1.89,
2/5/2018,74.705002,3685,511,1.89,
2/6/2018,75.68,3685,511,1.89,
2/7/2018,75.589996,3685,511,1.89,
2/8/2018,72.32,3685,511,1.89,
2/9/2018,74.75,3685,511,1.89,
2/12/2018,75.279999,3685,511,1.89,
2/13/2018,74.970001,3685,511,1.89,
2/14/2018,77.269997,3685,511,1.89,
2/15/2018,78.294998,3685,511,1.89,
2/16/2018,78.370003,3685,511,1.89,
2/20/2018,77.059998,3685,511,1.89,
2/21/2018,76.510002,3685,511,1.89,
2/22/2018,77.699997,3685,511,1.89,
2/23/2018,79.690002,3685,511,1.89,
2/26/2018,79.349998,3685,511,1.89,
2/27/2018,79.459999,3685,511,1.89,
2/28/2018,79.410004,3685,511,1.89,
3/1/2018,78.639999,3685,511,1.89,
3/2/2018,78.870003,3685,511,1.89,
3/5/2018,79.07,3685,511,1.89,
3/6/2018,79.230003,3685,511,1.89,
3/7/2018,79.519997,3685,511,1.89,
3/8/2018,79.870003,3685,511,1.89,
3/9/2018,80.709999,3685,511,1.89,
3/12/2018,80.599998,3685,511,1.89,
3/13/2018,80.199997,3685,511,1.89,
3/14/2018,83.309998,3685,511,1.89,
3/15/2018,82.57,3685,511,1.89,
3/16/2018,82.160004,3685,511,1.89,
3/19/2018,80.300003,3685,511,1.89,
3/20/2018,80.860001,3685,511,1.89,
3/21/2018,81.040001,3685,511,1.89,
3/22/2018,78.559998,3685,511,1.89,
3/23/2018,76.440002,3685,511,1.89,
3/26/2018,78.949997,3685,511,1.89,
3/27/2018,76.309998,3685,511,1.89,
3/28/2018,75.059998,3685,511,1.89,
3/29/2018,75.870003,3685,511,1.89,
4/2/2018,75,3857,526,1.78,
4/3/2018,74.559998,3857,526,1.78,
4/4/2018,74.779999,3857,526,1.78,
4/5/2018,76.949997,3857,526,1.78,
4/6/2018,73.860001,3857,526,1.78,
4/9/2018,75.190002,3857,526,1.78,
4/10/2018,76.790001,3857,526,1.78,
4/11/2018,76.5,3857,526,1.78,
4/12/2018,77.459999,3857,526,1.78,
4/13/2018,77.269997,3857,526,1.78,
4/16/2018,77.800003,3857,526,1.78,
4/17/2018,80.029999,3857,526,1.78,
4/18/2018,80.339996,3857,526,1.78,
4/19/2018,79.68,3857,526,1.78,
4/20/2018,78.730003,3857,526,1.78,
4/23/2018,78.209999,3857,526,1.78,
4/24/2018,75.279999,3857,526,1.78,
4/25/2018,74,3857,526,1.78,
4/26/2018,76.029999,3857,526,1.78,
4/27/2018,74.129997,3857,526,1.78,
4/30/2018,74.610001,3857,526,1.78,
5/1/2018,74.809998,3857,526,1.78,
5/2/2018,71.730003,3857,526,1.78,
5/3/2018,73.449997,3857,526,1.78,
5/4/2018,73.989998,3857,526,1.78,
5/7/2018,74.669998,3857,526,1.78,
5/8/2018,75.720001,3857,526,1.78,
5/9/2018,77.010002,3857,526,1.78,
5/10/2018,79.190002,3857,526,1.78,
5/11/2018,79.199997,3857,526,1.78,
5/14/2018,78.809998,3857,526,1.78,
5/15/2018,77.790001,3857,526,1.78,
5/16/2018,77.82,3857,526,1.78,
5/17/2018,79.190002,3857,526,1.78,
5/18/2018,80.790001,3857,526,1.78,
5/21/2018,81.25,3857,526,1.78,
5/22/2018,80.620003,3857,526,1.78,
5/23/2018,81.080002,3857,526,1.78,
5/24/2018,81.550003,3857,526,1.78,
5/25/2018,80.959999,3857,526,1.78,
5/29/2018,80.730003,3857,526,1.78,
5/30/2018,81.599998,3857,526,1.78,
5/31/2018,82.07,3857,526,1.78,
6/1/2018,83.25,3857,526,1.78,
6/4/2018,84.57,3857,526,1.78,
6/5/2018,85.050003,3857,526,1.78,
6/6/2018,85.209999,3857,526,1.78,
6/7/2018,83.269997,3857,526,1.78,
6/8/2018,84.339996,3857,526,1.78,
6/11/2018,83.889999,3857,526,1.78,
6/12/2018,85.019997,3857,526,1.78,
6/13/2018,85.269997,3857,526,1.78,
6/14/2018,85.610001,3857,526,1.78,
6/15/2018,85.309998,3857,526,1.78,
6/18/2018,85.849998,3857,526,1.78,
6/19/2018,84.519997,3857,526,1.78,
6/20/2018,85.949997,3857,526,1.78,
6/21/2018,85.970001,3857,526,1.78,
6/22/2018,85.120003,3857,526,1.78,
6/25/2018,82.190002,3857,526,1.78,
6/26/2018,82.32,3857,526,1.78,
6/27/2018,80.669998,3857,526,1.78,
6/28/2018,82.480003,3857,526,1.78,
6/29/2018,83.269997,3857,526,1.78,
7/2/2018,83.889999,3683,436,1.89,
7/3/2018,83.269997,3683,436,1.89,
7/5/2018,84.589996,3683,436,1.89,
7/6/2018,85.940002,3683,436,1.89,
7/9/2018,86.230003,3683,436,1.89,
7/10/2018,86.169998,3683,436,1.89,
7/11/2018,86.25,3683,436,1.89,
7/12/2018,89.129997,3683,436,1.89,
7/13/2018,87.989998,3683,436,1.89,
7/16/2018,87.769997,3683,436,1.89,
7/17/2018,88.580002,3683,436,1.89,
7/18/2018,88.220001,3683,436,1.89,
7/19/2018,87.379997,3683,436,1.89,
7/20/2018,87.470001,3683,436,1.89,
7/23/2018,89.239998,3683,436,1.89,
7/24/2018,91.410004,3683,436,1.89,
7/25/2018,91.370003,3683,436,1.89,
7/26/2018,89.139999,3683,436,1.89,
7/27/2018,85.459999,3683,436,1.89,
7/30/2018,82.389999,3683,436,1.89,
7/31/2018,82.139999,3683,436,1.89,
8/1/2018,83.459999,3683,436,1.89,
8/2/2018,85.529999,3683,436,1.89,
8/3/2018,85.190002,3683,436,1.89,
8/6/2018,85.769997,3683,436,1.89,
8/7/2018,86.300003,3683,436,1.89,
8/8/2018,86.739998,3683,436,1.89,
8/9/2018,87.169998,3683,436,1.89,
8/10/2018,87.010002,3683,436,1.89,
8/13/2018,87.010002,3683,436,1.89,
8/14/2018,87.730003,3683,436,1.89,
8/15/2018,85.190002,3683,436,1.89,
8/16/2018,85.32,3683,436,1.89,
8/17/2018,85.449997,3683,436,1.89,
8/20/2018,85.75,3683,436,1.89,
8/21/2018,86.220001,3683,436,1.89,
8/22/2018,86.949997,3683,436,1.89,
8/23/2018,87.379997,3683,436,1.89,
8/24/2018,90.099998,3683,436,1.89,
8/27/2018,89.970001,3683,436,1.89,
8/28/2018,90.610001,3683,436,1.89,
8/29/2018,92.620003,3683,436,1.89,
8/30/2018,92.089996,3683,436,1.89,
8/31/2018,92.330002,3683,436,1.89,
9/4/2018,93.07,3683,436,1.89,
9/5/2018,89.050003,3683,436,1.89,
9/6/2018,89,3683,436,1.89,
9/7/2018,88.82,3683,436,1.89,
9/10/2018,89.800003,3683,436,1.89,
9/11/2018,91.43,3683,436,1.89,
9/12/2018,92.400002,3683,436,1.89,
9/13/2018,92.190002,3683,436,1.89,
9/14/2018,90.779999,3683,436,1.89,
9/17/2018,88.68,3683,436,1.89,
9/18/2018,89.720001,3683,436,1.89,
9/19/2018,89.309998,3683,436,1.89,
9/20/2018,90.599998,3683,436,1.89,
9/21/2018,90.620003,3683,436,1.89,
9/24/2018,89.620003,3683,436,1.89,
9/25/2018,90.040001,3683,436,1.89,
9/26/2018,89.849998,3683,436,1.89,
9/27/2018,88.989998,3683,436,1.89,
9/28/2018,87.839996,3683,436,1.89,
10/1/2018,87.550003,4226,584,1.82,
10/2/2018,86.68,4226,584,1.82,
10/3/2018,87.150002,4226,584,1.82,
10/4/2018,84.339996,4226,584,1.82,
10/5/2018,83.18,4226,584,1.82,
10/8/2018,80.550003,4226,584,1.82,
10/9/2018,80.029999,4226,584,1.82,
10/10/2018,75.449997,4226,584,1.82,
10/11/2018,75.900002,4226,584,1.82,
10/12/2018,79.029999,4226,584,1.82,
10/15/2018,77.230003,4226,584,1.82,
10/16/2018,80.610001,4226,584,1.82,
10/17/2018,80.089996,4226,584,1.82,
10/18/2018,77.480003,4226,584,1.82,
10/19/2018,84.779999,4226,584,1.82,
10/22/2018,85.43,4226,584,1.82,
10/23/2018,87.57,4226,584,1.82,
10/24/2018,83.089996,4226,584,1.82,
10/25/2018,85.959999,4226,584,1.82,
10/26/2018,83.370003,4226,584,1.82,
10/29/2018,81.150002,4226,584,1.82,
10/30/2018,80.900002,4226,584,1.82,
10/31/2018,84.190002,4226,584,1.82,
11/1/2018,85.040001,4226,584,1.82,
11/2/2018,83.510002,4226,584,1.82,
11/5/2018,84.050003,4226,584,1.82,
11/6/2018,84.690002,4226,584,1.82,
11/7/2018,88.230003,4226,584,1.82,
11/8/2018,89.040001,4226,584,1.82,
11/9/2018,86.760002,4226,584,1.82,
11/12/2018,83.779999,4226,584,1.82,
11/13/2018,83.779999,4226,584,1.82,
11/14/2018,84.050003,4226,584,1.82,
11/15/2018,86.739998,4226,584,1.82,
11/16/2018,85.059998,4226,584,1.82,
11/19/2018,80.129997,4226,584,1.82,
11/20/2018,77.760002,4226,584,1.82,
11/21/2018,79.120003,4226,584,1.82,
11/23/2018,77.949997,4226,584,1.82,
11/26/2018,80.860001,4226,584,1.82,
11/27/2018,81.970001,4226,584,1.82,
11/28/2018,85.980003,4226,584,1.82,
11/29/2018,84.260002,4226,584,1.82,
11/30/2018,85.809998,4226,584,1.82,
12/3/2018,87.980003,4226,584,1.82,
12/4/2018,84.190002,4226,584,1.82,
12/6/2018,85.82,4226,584,1.82,
12/7/2018,82.769997,4226,584,1.82,
12/10/2018,84.93,4226,584,1.82,
12/11/2018,85.510002,4226,584,1.82,
12/12/2018,86.5,4226,584,1.82,
12/13/2018,87.559998,4226,584,1.82,
12/14/2018,85.919998,4226,584,1.82,
12/17/2018,84.099998,4226,584,1.82,
12/18/2018,85.510002,4226,584,1.82,
12/19/2018,84.029999,4226,584,1.82,
12/20/2018,82.440002,4226,584,1.82,
12/21/2018,78.139999,4226,584,1.82,
12/24/2018,77.059998,4226,584,1.82,
12/26/2018,82.800003,4226,584,1.82,
12/27/2018,84.309998,4226,584,1.82,
12/28/2018,83.260002,4226,584,1.82,
12/31/2018,84.089996,4226,584,1.82,
1/2/2019,85.75,4128,667,2.05,
1/3/2019,82.089996,4128,667,2.05,
1/4/2019,86.269997,4128,667,2.05,
1/7/2019,86.93,4128,667,2.05,
1/8/2019,88.699997,4128,667,2.05,
1/9/2019,89.550003,4128,667,2.05,
1/10/2019,90.699997,4128,667,2.05,
1/11/2019,90.650002,4128,667,2.05,
1/14/2019,90.43,4128,667,2.05,
1/15/2019,91.599998,4128,667,2.05,
1/16/2019,90.550003,4128,667,2.05,
1/17/2019,90.400002,4128,667,2.05,
1/18/2019,91.120003,4128,667,2.05,
1/22/2019,89.940002,4128,667,2.05,
1/23/2019,90.5,4128,667,2.05,
1/24/2019,92.199997,4128,667,2.05,
1/25/2019,94.279999,4128,667,2.05,
1/28/2019,92.300003,4128,667,2.05,
1/29/2019,91.120003,4128,667,2.05,
1/30/2019,92.419998,4128,667,2.05,
1/31/2019,88.760002,4128,667,2.05,
2/1/2019,90.010002,4128,667,2.05,
2/4/2019,91.660004,4128,667,2.05,
2/5/2019,92.269997,4128,667,2.05,
2/6/2019,92.25,4128,667,2.05,
2/7/2019,90.849998,4128,667,2.05,
2/8/2019,91.870003,4128,667,2.05,
2/11/2019,92.690002,4128,667,2.05,
2/12/2019,94.379997,4128,667,2.05,
2/13/2019,94.010002,4128,667,2.05,
2/14/2019,94.419998,4128,667,2.05,
2/15/2019,94.910004,4128,667,2.05,
2/19/2019,95.019997,4128,667,2.05,
2/20/2019,94.730003,4128,667,2.05,
2/21/2019,94.959999,4128,667,2.05,
2/22/2019,95.980003,4128,667,2.05,
2/25/2019,96.699997,4128,667,2.05,
2/26/2019,96.589996,4128,667,2.05,
2/27/2019,97.860001,4128,667,2.05,
2/28/2019,98.07,4128,667,2.05,
3/1/2019,98.800003,4128,667,2.05,
3/4/2019,96.57,4128,667,2.05,
3/5/2019,96.529999,4128,667,2.05,
3/6/2019,96.459999,4128,667,2.05,
3/7/2019,96.209999,4128,667,2.05,
3/8/2019,95.690002,4128,667,2.05,
3/11/2019,97.449997,4128,667,2.05,
3/12/2019,97.5,4128,667,2.05,
3/13/2019,99.309998,4128,667,2.05,
3/14/2019,99.029999,4128,667,2.05,
3/15/2019,100.730003,4128,667,2.05,
3/18/2019,100.269997,4128,667,2.05,
3/19/2019,101.540001,4128,667,2.05,
3/20/2019,102.309998,4128,667,2.05,
3/21/2019,104.150002,4128,667,2.05,
3/22/2019,101.269997,4128,667,2.05,
3/25/2019,101.550003,4128,667,2.05,
3/26/2019,103.150002,4128,667,2.05,
3/27/2019,103.07,4128,667,2.05,
3/28/2019,103.860001,4128,667,2.05,
3/29/2019,103.839996,4128,667,2.05,
4/1/2019,105.550003,4305,823,2,
4/2/2019,105.230003,4305,823,2,
4/3/2019,104.690002,4305,823,2,
4/4/2019,104.459999,4305,823,2,
4/5/2019,105.730003,4305,823,2,
4/8/2019,106.57,4305,823,2,
4/9/2019,106.93,4305,823,2,
4/10/2019,107.510002,4305,823,2,
4/11/2019,106.459999,4305,823,2,
4/12/2019,108.480003,4305,823,2,
4/15/2019,108.139999,4305,823,2,
4/16/2019,108.199997,4305,823,2,
4/17/2019,108.809998,4305,823,2,
4/18/2019,107.360001,4305,823,2,
4/22/2019,106.809998,4305,823,2,
4/23/2019,106.900002,4305,823,2,
4/24/2019,107.220001,4305,823,2,
4/25/2019,110.220001,4305,823,2,
4/26/2019,110.559998,4305,823,2,
4/29/2019,112.440002,4305,823,2,
4/30/2019,112.769997,4305,823,2,
5/1/2019,110.940002,4305,823,2,
5/2/2019,109.699997,4305,823,2,
5/3/2019,111.959999,4305,823,2,
5/6/2019,110.849998,4305,823,2,
5/7/2019,108.949997,4305,823,2,
5/8/2019,109.07,4305,823,2,
5/9/2019,109.730003,4305,823,2,
5/10/2019,110.410004,4305,823,2,
5/13/2019,106.830002,4305,823,2,
5/14/2019,109.089996,4305,823,2,
5/15/2019,111.5,4305,823,2,
5/16/2019,113.870003,4305,823,2,
5/17/2019,112.800003,4305,823,2,
5/20/2019,112.150002,4305,823,2,
5/21/2019,112.43,4305,823,2,
5/22/2019,112.470001,4305,823,2,
5/23/2019,109.900002,4305,823,2,
5/24/2019,109.849998,4305,823,2,
5/28/2019,111.790001,4305,823,2,
5/29/2019,110.080002,4305,823,2,
5/30/2019,111.410004,4305,823,2,
5/31/2019,109.75,4305,823,2,
6/3/2019,105.519997,4305,823,2,
6/4/2019,108.730003,4305,823,2,
6/5/2019,110.769997,4305,823,2,
6/6/2019,111.779999,4305,823,2,
6/7/2019,114.019997,4305,823,2,
6/10/2019,115.620003,4305,823,2,
6/11/2019,114.599998,4305,823,2,
6/12/2019,114.5,4305,823,2,
6/13/2019,115.720001,4305,823,2,
6/14/2019,116.169998,4305,823,2,
6/17/2019,117.160004,4305,823,2,
6/18/2019,115.980003,4305,823,2,
6/19/2019,117.139999,4305,823,2,
6/20/2019,118.790001,4305,823,2,
6/21/2019,116.209999,4305,823,2,
6/24/2019,116.5,4305,823,2,
6/25/2019,114.440002,4305,823,2,
6/26/2019,114.150002,4305,823,2,
6/27/2019,113.669998,4305,823,2,
6/28/2019,114.459999,4305,823,2,
7/1/2019,115.029999,4378,462,2.05,0.47
7/2/2019,116.169998,4378,462,2.05,0.47
7/3/2019,117.68,4378,462,2.05,0.47
7/5/2019,117.160004,4378,462,2.05,0.47
7/8/2019,116.949997,4378,462,2.05,0.47
7/9/2019,118.370003,4378,462,2.05,0.47
7/10/2019,119.639999,4378,462,2.05,0.47
7/11/2019,120.650002,4378,462,2.05,0.47
7/12/2019,120.120003,4378,462,2.05,0.47
7/15/2019,120.900002,4378,462,2.05,0.47
7/16/2019,119.709999,4378,462,2.05,0.47
7/17/2019,118.809998,4378,462,2.05,0.47
7/18/2019,119.870003,4378,462,2.05,0.47
7/19/2019,118.629997,4378,462,2.05,0.47
7/22/2019,118.690002,4378,462,2.05,0.47
7/23/2019,120.220001,4378,462,2.05,0.47
7/24/2019,121.300003,4378,462,2.05,0.47
7/25/2019,115.120003,4378,462,2.05,0.47
7/26/2019,115.489998,4378,462,2.05,0.47
7/29/2019,111.449997,4378,462,2.05,0.47
7/30/2019,112.040001,4378,462,2.05,0.47
7/31/2019,110.400002,4378,462,2.05,0.47
8/1/2019,110.800003,4378,462,2.05,0.47
8/2/2019,107.089996,4378,462,2.05,0.47
8/5/2019,103.599998,4378,462,2.05,0.47
8/6/2019,105.029999,4378,462,2.05,0.47
8/7/2019,106.629997,4378,462,2.05,0.47
8/8/2019,106.790001,4378,462,2.05,0.47
8/9/2019,104.82,4378,462,2.05,0.47
8/12/2019,102.720001,4378,462,2.05,0.47
8/13/2019,106.040001,4378,462,2.05,0.47
8/14/2019,103.269997,4378,462,2.05,0.47
8/15/2019,104.949997,4378,462,2.05,0.47
8/16/2019,106.160004,4378,462,2.05,0.47
8/19/2019,107.669998,4378,462,2.05,0.47
8/20/2019,107.370003,4378,462,2.05,0.47
8/21/2019,109.82,4378,462,2.05,0.47
8/22/2019,108.769997,4378,462,2.05,0.47
8/23/2019,106.040001,4378,462,2.05,0.47
8/26/2019,107.660004,4378,462,2.05,0.47
8/27/2019,107.449997,4378,462,2.05,0.47
8/28/2019,107.470001,4378,462,2.05,0.47
8/29/2019,109.209999,4378,462,2.05,0.47
8/30/2019,109.050003,4378,462,2.05,0.47
9/3/2019,106.75,4378,462,2.05,0.47
9/4/2019,108.730003,4378,462,2.05,0.47
9/5/2019,111.459999,4378,462,2.05,0.47
9/6/2019,110.050003,4378,462,2.05,0.47
9/9/2019,105.43,4378,462,2.05,0.47
9/10/2019,103.050003,4378,462,2.05,0.47
9/11/2019,104.019997,4378,462,2.05,0.47
9/12/2019,107.099998,4378,462,2.05,0.47
9/13/2019,107,4378,462,2.05,0.47
9/16/2019,106.519997,4378,462,2.05,0.47
9/17/2019,107.5,4378,462,2.05,0.47
9/18/2019,105.599998,4378,462,2.05,0.47
9/19/2019,106.120003,4378,462,2.05,0.47
9/20/2019,104.639999,4378,462,2.05,0.47
9/23/2019,105.110001,4378,462,2.05,0.47
9/24/2019,103.690002,4378,462,2.05,0.47
9/25/2019,104.139999,4378,462,2.05,0.47
9/26/2019,104.550003,4378,462,2.05,0.47
9/27/2019,102.199997,4378,462,2.05,0.47
9/30/2019,103.589996,4378,462,2.05,0.47
10/1/2019,102.529999,4961,507,2.03,0.25
10/2/2019,99.730003,4961,507,2.03,0.25
10/3/2019,101.029999,4961,507,2.03,0.25
10/4/2019,102.790001,4961,507,2.03,0.25
10/7/2019,101.620003,4961,507,2.03,0.25
10/8/2019,99.330002,4961,507,2.03,0.25
10/9/2019,99.889999,4961,507,2.03,0.25
10/10/2019,100.540001,4961,507,2.03,0.25
10/11/2019,101.580002,4961,507,2.03,0.25
10/14/2019,101.75,4961,507,2.03,0.25
10/15/2019,103.589996,4961,507,2.03,0.25
10/16/2019,103.089996,4961,507,2.03,0.25
10/17/2019,103.629997,4961,507,2.03,0.25
10/18/2019,101.220001,4961,507,2.03,0.25
10/21/2019,101.440002,4961,507,2.03,0.25
10/22/2019,97.360001,4961,507,2.03,0.25
10/23/2019,96.639999,4961,507,2.03,0.25
10/24/2019,104.910004,4961,507,2.03,0.25
10/25/2019,107.190002,4961,507,2.03,0.25
10/28/2019,106.599998,4961,507,2.03,0.25
10/29/2019,105,4961,507,2.03,0.25
10/30/2019,106.5,4961,507,2.03,0.25
10/31/2019,104.099998,4961,507,2.03,0.25
11/1/2019,104.980003,4961,507,2.03,0.25
11/4/2019,102.809998,4961,507,2.03,0.25
11/5/2019,100.989998,4961,507,2.03,0.25
11/6/2019,100.629997,4961,507,2.03,0.25
11/7/2019,100.470001,4961,507,2.03,0.25
11/8/2019,101.419998,4961,507,2.03,0.25
11/11/2019,102.669998,4961,507,2.03,0.25
11/12/2019,102.029999,4961,507,2.03,0.25
11/13/2019,102.120003,4961,507,2.03,0.25
11/14/2019,103.730003,4961,507,2.03,0.25
11/15/2019,104.199997,4961,507,2.03,0.25
11/18/2019,103.660004,4961,507,2.03,0.25
11/19/2019,104.949997,4961,507,2.03,0.25
11/20/2019,104.089996,4961,507,2.03,0.25
11/21/2019,102.550003,4961,507,2.03,0.25
11/22/2019,101.769997,4961,507,2.03,0.25
11/25/2019,104.449997,4961,507,2.03,0.25
11/26/2019,106.199997,4961,507,2.03,0.25
11/27/2019,107.75,4961,507,2.03,0.25
11/29/2019,108.010002,4961,507,2.03,0.25
12/2/2019,106.209999,4961,507,2.03,0.25
12/3/2019,105.589996,4961,507,2.03,0.25
12/4/2019,105,4961,507,2.03,0.25
12/5/2019,104.589996,4961,507,2.03,0.25
12/6/2019,104.339996,4961,507,2.03,0.25
12/9/2019,103.779999,4961,507,2.03,0.25
12/10/2019,103.620003,4961,507,2.03,0.25
12/11/2019,105.510002,4961,507,2.03,0.25
12/12/2019,105.669998,4961,507,2.03,0.25
12/13/2019,107.650002,4961,507,2.03,0.25
12/16/2019,109.57,4961,507,2.03,0.25
12/17/2019,108.459999,4961,507,2.03,0.25
12/18/2019,107.830002,4961,507,2.03,0.25
12/19/2019,108.879997,4961,507,2.03,0.25
12/20/2019,108.75,4961,507,2.03,0.25
12/23/2019,108.610001,4961,507,2.03,0.25
12/24/2019,108.690002,4961,507,2.03,0.25
12/26/2019,109.75,4961,507,2.03,0.25
12/27/2019,109.400002,4961,507,2.03,0.25
12/30/2019,107.970001,4961,507,2.03,0.25
12/31/2019,108.169998,4961,507,2.03,0.25
1/2/2020,110.75,4618,84,2.39,0.15
1/3/2020,108.760002,4618,84,2.39,0.15
1/6/2020,110.169998,4618,84,2.39,0.15
1/7/2020,109.669998,4618,84,2.39,0.15
1/8/2020,111.82,4618,84,2.39,0.15
1/9/2020,112.57,4618,84,2.39,0.15
1/10/2020,112.93,4618,84,2.39,0.15
1/13/2020,115.279999,4618,84,2.39,0.15
1/14/2020,114.639999,4618,84,2.39,0.15
1/15/2020,114.849998,4618,84,2.39,0.15
1/16/2020,115.400002,4618,84,2.39,0.15
1/17/2020,116.040001,4618,84,2.39,0.15
1/21/2020,116.150002,4618,84,2.39,0.15
1/22/2020,115.5,4618,84,2.39,0.15
1/23/2020,117.889999,4618,84,2.39,0.15
1/24/2020,116.980003,4618,84,2.39,0.15
1/27/2020,115.239998,4618,84,2.39,0.15
1/28/2020,116.519997,4618,84,2.39,0.15
1/29/2020,116.660004,4618,84,2.39,0.15
1/30/2020,117.120003,4618,84,2.39,0.15
1/31/2020,113.889999,4618,84,2.39,0.15
2/3/2020,116.510002,4618,84,2.39,0.15
2/4/2020,120.080002,4618,84,2.39,0.15
2/5/2020,119.720001,4618,84,2.39,0.15
2/6/2020,119.889999,4618,84,2.39,0.15
2/7/2020,118.879997,4618,84,2.39,0.15
2/10/2020,120.059998,4618,84,2.39,0.15
2/11/2020,118.839996,4618,84,2.39,0.15
2/12/2020,118.559998,4618,84,2.39,0.15
2/13/2020,120.510002,4618,84,2.39,0.15
2/14/2020,122.989998,4618,84,2.39,0.15
2/18/2020,122.269997,4618,84,2.39,0.15
2/19/2020,123.910004,4618,84,2.39,0.15
2/20/2020,122.43,4618,84,2.39,0.15
2/21/2020,119.489998,4618,84,2.39,0.15
2/24/2020,116.440002,4618,84,2.39,0.15
2/25/2020,109.660004,4618,84,2.39,0.15
2/26/2020,109.110001,4618,84,2.39,0.15
2/27/2020,107.839996,4618,84,2.39,0.15
2/28/2020,107.989998,4618,84,2.39,0.15
3/2/2020,112.860001,4618,84,2.39,0.15
3/3/2020,109.760002,4618,84,2.39,0.15
3/4/2020,115.300003,4618,84,2.39,0.15
3/5/2020,112.18,4618,84,2.39,0.15
3/6/2020,110.889999,4618,84,2.39,0.15
3/9/2020,101.629997,4618,84,2.39,0.15
3/10/2020,109.739998,4618,84,2.39,0.15
3/11/2020,103.900002,4618,84,2.39,0.15
3/12/2020,96.959999,4618,84,2.39,0.15
3/13/2020,110.150002,4618,84,2.39,0.15
3/16/2020,92.720001,4618,84,2.39,0.15
3/17/2020,97.870003,4618,84,2.39,0.15
3/18/2020,91.459999,4618,84,2.39,0.15
3/19/2020,93.690002,4618,84,2.39,0.15
3/20/2020,86.68,4618,84,2.39,0.15
3/23/2020,85.260002,4618,84,2.39,0.15
3/24/2020,97.290001,4618,84,2.39,0.15
3/25/2020,95.709999,4618,84,2.39,0.15
3/26/2020,100.629997,4618,84,2.39,0.15
3/27/2020,93.480003,4618,84,2.39,0.15
3/30/2020,97.029999,4618,84,2.39,0.15
3/31/2020,95.739998,4618,84,2.39,0.15
4/1/2020,91.379997,5261,1530,2.57,0.12
4/2/2020,93.519997,5261,1530,2.57,0.12
4/3/2020,92.389999,5261,1530,2.57,0.12
4/6/2020,101.669998,5261,1530,2.57,0.12
4/7/2020,100.279999,5261,1530,2.57,0.12
4/8/2020,105.059998,5261,1530,2.57,0.12
4/9/2020,105.839996,5261,1530,2.57,0.12
4/13/2020,105.980003,5261,1530,2.57,0.12
4/14/2020,109.785004,5261,1530,2.57,0.12
4/15/2020,107.949997,5261,1530,2.57,0.12
4/16/2020,108.309998,5261,1530,2.57,0.12
4/17/2020,111.849998,5261,1530,2.57,0.12
4/20/2020,112.169998,5261,1530,2.57,0.12
4/21/2020,107.540001,5261,1530,2.57,0.12
4/22/2020,115.190002,5261,1530,2.57,0.12
4/23/2020,115.239998,5261,1530,2.57,0.12
4/24/2020,120.18,5261,1530,2.57,0.12
4/27/2020,120.529999,5261,1530,2.57,0.12
4/28/2020,116.139999,5261,1530,2.57,0.12
4/29/2020,123.580002,5261,1530,2.57,0.12
4/30/2020,123,5261,1530,2.57,0.12
5/1/2020,120.610001,5261,1530,2.57,0.12
5/4/2020,123.660004,5261,1530,2.57,0.12
5/5/2020,125.43,5261,1530,2.57,0.12
5/6/2020,128.309998,5261,1530,2.57,0.12
5/7/2020,146.289993,5261,1530,2.57,0.12
5/8/2020,144.960007,5261,1530,2.57,0.12
5/11/2020,143.960007,5261,1530,2.57,0.12
5/12/2020,141.029999,5261,1530,2.57,0.12
5/13/2020,143.729996,5261,1530,2.57,0.12
5/14/2020,144.410004,5261,1530,2.57,0.12
5/15/2020,145.509995,5261,1530,2.57,0.12
5/18/2020,146.240005,5261,1530,2.57,0.12
5/19/2020,145.389999,5261,1530,2.57,0.12
5/20/2020,150.940002,5261,1530,2.57,0.12
5/21/2020,148.220001,5261,1530,2.57,0.12
5/22/2020,150.860001,5261,1530,2.57,0.12
5/26/2020,147,5261,1530,2.57,0.12
5/27/2020,145.960007,5261,1530,2.57,0.12
5/28/2020,148.789993,5261,1530,2.57,0.12
5/29/2020,155.009995,5261,1530,2.57,0.12
6/1/2020,154.529999,5261,1530,2.57,0.12
6/2/2020,157.490005,5261,1530,2.57,0.12
6/3/2020,156.779999,5261,1530,2.57,0.12
6/4/2020,154.600006,5261,1530,2.57,0.12
6/5/2020,156,5261,1530,2.57,0.12
6/8/2020,156.089996,5261,1530,2.57,0.12
6/9/2020,156.860001,5261,1530,2.57,0.12
6/10/2020,159.910004,5261,1530,2.57,0.12
6/11/2020,153.039993,5261,1530,2.57,0.12
6/12/2020,155.259995,5261,1530,2.57,0.12
6/15/2020,157.550003,5261,1530,2.57,0.12
6/16/2020,161.220001,5261,1530,2.57,0.12
6/17/2020,163.830002,5261,1530,2.57,0.12
6/18/2020,168.050003,5261,1530,2.57,0.12
6/19/2020,164.360001,5261,1530,2.57,0.12
6/22/2020,170.259995,5261,1530,2.57,0.12
6/23/2020,172.789993,5261,1530,2.57,0.12
6/24/2020,168,5261,1530,2.57,0.12
6/25/2020,172.5,5261,1530,2.57,0.12
6/26/2020,170.869995,5261,1530,2.57,0.12
6/29/2020,168.350006,5261,1530,2.57,0.12
6/30/2020,174.229996,5261,1530,2.57,0.12
7/1/2020,177.429993,5459,1021,2.54,0.13
7/2/2020,177.210007,5459,1021,2.54,0.13
7/6/2020,176.179993,5459,1021,2.54,0.13
7/7/2020,177.279999,5459,1021,2.54,0.13
7/8/2020,181.570007,5459,1021,2.54,0.13
7/9/2020,183.229996,5459,1021,2.54,0.13
7/10/2020,178.399994,5459,1021,2.54,0.13
7/13/2020,171.509995,5459,1021,2.54,0.13
7/14/2020,172.300003,5459,1021,2.54,0.13
7/15/2020,172.059998,5459,1021,2.54,0.13
7/16/2020,169.809998,5459,1021,2.54,0.13
7/17/2020,173.919998,5459,1021,2.54,0.13
7/20/2020,178.820007,5459,1021,2.54,0.13
7/21/2020,175.580002,5459,1021,2.54,0.13
7/22/2020,178.419998,5459,1021,2.54,0.13
7/23/2020,173.860001,5459,1021,2.54,0.13
7/24/2020,172.559998,5459,1021,2.54,0.13
7/27/2020,177.979996,5459,1021,2.54,0.13
7/28/2020,176.270004,5459,1021,2.54,0.13
7/29/2020,184.600006,5459,1021,2.54,0.13
7/30/2020,192.509995,5459,1021,2.54,0.13
7/31/2020,196.070007,5459,1021,2.54,0.13
8/3/2020,197.070007,5459,1021,2.54,0.13
8/4/2020,197.330002,5459,1021,2.54,0.13
8/5/2020,202.910004,5459,1021,2.54,0.13
8/6/2020,204.089996,5459,1021,2.54,0.13
8/7/2020,198.630005,5459,1021,2.54,0.13
8/10/2020,193.320007,5459,1021,2.54,0.13
8/11/2020,189.029999,5459,1021,2.54,0.13
8/12/2020,191.320007,5459,1021,2.54,0.13
8/13/2020,193.070007,5459,1021,2.54,0.13
8/14/2020,191.460007,5459,1021,2.54,0.13
8/17/2020,196.289993,5459,1021,2.54,0.13
8/18/2020,194.570007,5459,1021,2.54,0.13
8/19/2020,192.440002,5459,1021,2.54,0.13
8/20/2020,198.179993,5459,1021,2.54,0.13
8/21/2020,196.789993,5459,1021,2.54,0.13
8/24/2020,198.880005,5459,1021,2.54,0.13
8/25/2020,201.669998,5459,1021,2.54,0.13
8/26/2020,203.479996,5459,1021,2.54,0.13
8/27/2020,204.339996,5459,1021,2.54,0.13
8/28/2020,204.479996,5459,1021,2.54,0.13
8/31/2020,204.139999,5459,1021,2.54,0.13
9/1/2020,208.929993,5459,1021,2.54,0.13
9/2/2020,210.820007,5459,1021,2.54,0.13
9/3/2020,204.990005,5459,1021,2.54,0.13
9/4/2020,191.839996,5459,1021,2.54,0.13
9/8/2020,185.949997,5459,1021,2.54,0.13
9/9/2020,194.600006,5459,1021,2.54,0.13
9/10/2020,190.089996,5459,1021,2.54,0.13
9/11/2020,184,5459,1021,2.54,0.13
9/14/2020,186.960007,5459,1021,2.54,0.13
9/15/2020,186.020004,5459,1021,2.54,0.13
9/16/2020,180.910004,5459,1021,2.54,0.13
9/17/2020,175.789993,5459,1021,2.54,0.13
9/18/2020,176.070007,5459,1021,2.54,0.13
9/21/2020,183.210007,5459,1021,2.54,0.13
9/22/2020,187.779999,5459,1021,2.54,0.13
9/23/2020,181.610001,5459,1021,2.54,0.13
9/24/2020,182.190002,5459,1021,2.54,0.13
9/25/2020,187.25,5459,1021,2.54,0.13
9/28/2020,192.020004,5459,1021,2.54,0.13
9/29/2020,194.5,5459,1021,2.54,0.13
9/30/2020,197.029999,5459,1021,2.54,0.13
10/1/2020,196.940002,6116,1567,2.51,0.12
10/2/2020,191.910004,6116,1567,2.51,0.12
10/5/2020,196.850006,6116,1567,2.51,0.12
10/6/2020,191.660004,6116,1567,2.51,0.12
10/7/2020,194.610001,6116,1567,2.51,0.12
10/8/2020,193.059998,6116,1567,2.51,0.12
10/9/2020,197.270004,6116,1567,2.51,0.12
10/12/2020,201.509995,6116,1567,2.51,0.12
10/13/2020,207.740005,6116,1567,2.51,0.12
10/14/2020,203.600006,6116,1567,2.51,0.12
10/15/2020,203.139999,6116,1567,2.51,0.12
10/16/2020,204.449997,6116,1567,2.51,0.12
10/19/2020,200.059998,6116,1567,2.51,0.12
10/20/2020,201.960007,6116,1567,2.51,0.12
10/21/2020,213.070007,6116,1567,2.51,0.12
10/22/2020,203.929993,6116,1567,2.51,0.12
10/23/2020,203.039993,6116,1567,2.51,0.12
10/26/2020,197.220001,6116,1567,2.51,0.12
10/27/2020,200.429993,6116,1567,2.51,0.12
10/28/2020,192.309998,6116,1567,2.51,0.12
10/29/2020,195.039993,6116,1567,2.51,0.12
10/30/2020,186.130005,6116,1567,2.51,0.12
11/2/2020,187.759995,6116,1567,2.51,0.12
11/3/2020,179.809998,6116,1567,2.51,0.12
11/4/2020,194.289993,6116,1567,2.51,0.12
11/5/2020,204.559998,6116,1567,2.51,0.12
11/6/2020,202.729996,6116,1567,2.51,0.12
11/9/2020,184.720001,6116,1567,2.51,0.12
11/10/2020,183.360001,6116,1567,2.51,0.12
11/11/2020,192.339996,6116,1567,2.51,0.12
11/12/2020,189.100006,6116,1567,2.51,0.12
11/13/2020,188.619995,6116,1567,2.51,0.12
11/16/2020,191.940002,6116,1567,2.51,0.12
11/17/2020,192.300003,6116,1567,2.51,0.12
11/18/2020,190.119995,6116,1567,2.51,0.12
11/19/2020,190.899994,6116,1567,2.51,0.12
11/20/2020,192.669998,6116,1567,2.51,0.12
11/23/2020,200.820007,6116,1567,2.51,0.12
11/24/2020,206,6116,1567,2.51,0.12
11/25/2020,214.460007,6116,1567,2.51,0.12
11/27/2020,211.389999,6116,1567,2.51,0.12
11/30/2020,214.119995,6116,1567,2.51,0.12
12/1/2020,216.539993,6116,1567,2.51,0.12
12/2/2020,212.559998,6116,1567,2.51,0.12
12/3/2020,214.539993,6116,1567,2.51,0.12
12/4/2020,217.770004,6116,1567,2.51,0.12
12/7/2020,217.929993,6116,1567,2.51,0.12
12/8/2020,216.940002,6116,1567,2.51,0.12
12/9/2020,210.800003,6116,1567,2.51,0.12
12/10/2020,215.339996,6116,1567,2.51,0.12
12/11/2020,214.059998,6116,1567,2.51,0.12
12/14/2020,220.789993,6116,1567,2.51,0.12
12/15/2020,221.600006,6116,1567,2.51,0.12
12/16/2020,230.199997,6116,1567,2.51,0.12
12/17/2020,235.509995,6116,1567,2.51,0.12
12/18/2020,236.449997,6116,1567,2.51,0.12
12/21/2020,237.720001,6116,1567,2.51,0.12
12/22/2020,243.490005,6116,1567,2.51,0.12
12/23/2020,239.440002,6116,1567,2.51,0.12
12/24/2020,238.639999,6116,1567,2.51,0.12
12/28/2020,235.729996,6116,1567,2.51,0.12
12/29/2020,231.029999,6116,1567,2.51,0.12
12/30/2020,231.509995,6116,1567,2.51,0.12
12/31/2020,234.199997,6116,1567,2.51,0.12
1/4/2021,231.919998,6033,1097,2.73,0.14
1/5/2021,234.910004,6033,1097,2.73,0.14
1/6/2021,226.830002,6033,1097,2.73,0.14
1/7/2021,235.039993,6033,1097,2.73,0.14
1/8/2021,242.460007,6033,1097,2.73,0.14
1/11/2021,237.5,6033,1097,2.73,0.14
1/12/2021,237.639999,6033,1097,2.73,0.14
1/13/2021,244.899994,6033,1097,2.73,0.14
1/14/2021,242.059998,6033,1097,2.73,0.14
1/15/2021,239.789993,6033,1097,2.73,0.14
1/19/2021,247.25,6033,1097,2.73,0.14
1/20/2021,244.259995,6033,1097,2.73,0.14
1/21/2021,248.639999,6033,1097,2.73,0.14
1/22/2021,252,6033,1097,2.73,0.14
1/25/2021,247.75,6033,1097,2.73,0.14
1/26/2021,241,6033,1097,2.73,0.14
1/27/2021,229.940002,6033,1097,2.73,0.14
1/28/2021,237.789993,6033,1097,2.73,0.14
1/29/2021,234.309998,6033,1097,2.73,0.14
2/1/2021,241.850006,6033,1097,2.73,0.14
2/2/2021,249.100006,6033,1097,2.73,0.14
2/3/2021,251.899994,6033,1097,2.73,0.14
2/4/2021,270.429993,6033,1097,2.73,0.14
2/5/2021,269.440002,6033,1097,2.73,0.14
2/8/2021,282.170013,6033,1097,2.73,0.14
2/9/2021,284.200012,6033,1097,2.73,0.14
2/10/2021,283.179993,6033,1097,2.73,0.14
2/11/2021,285.029999,6033,1097,2.73,0.14
2/12/2021,298.369995,6033,1097,2.73,0.14
2/16/2021,304.790009,6033,1097,2.73,0.14
2/17/2021,297.200012,6033,1097,2.73,0.14
2/18/2021,290.809998,6033,1097,2.73,0.14
2/19/2021,286.920013,6033,1097,2.73,0.14
2/22/2021,273.850006,6033,1097,2.73,0.14
2/23/2021,265,6033,1097,2.73,0.14
2/24/2021,266.070007,6033,1097,2.73,0.14
2/25/2021,253.940002,6033,1097,2.73,0.14
2/26/2021,259.850006,6033,1097,2.73,0.14
3/1/2021,273.630005,6033,1097,2.73,0.14
3/2/2021,269.190002,6033,1097,2.73,0.14
3/3/2021,255.059998,6033,1097,2.73,0.14
3/4/2021,239.070007,6033,1097,2.73,0.14
3/5/2021,239.050003,6033,1097,2.73,0.14
3/8/2021,226.089996,6033,1097,2.73,0.14
3/9/2021,241.759995,6033,1097,2.73,0.14
3/10/2021,242.070007,6033,1097,2.73,0.14
3/11/2021,253.830002,6033,1097,2.73,0.14
3/12/2021,250.350006,6033,1097,2.73,0.14
3/15/2021,249.979996,6033,1097,2.73,0.14
3/16/2021,249.309998,6033,1097,2.73,0.14
3/17/2021,251.470001,6033,1097,2.73,0.14
3/18/2021,238.410004,6033,1097,2.73,0.14
3/19/2021,241.279999,6033,1097,2.73,0.14
3/22/2021,244.384995,6033,1097,2.73,0.14
3/23/2021,243.770004,6033,1097,2.73,0.14
3/24/2021,234.270004,6033,1097,2.73,0.14
3/25/2021,234.240005,6033,1097,2.73,0.14
3/26/2021,241.029999,6033,1097,2.73,0.14
3/29/2021,235.669998,6033,1097,2.73,0.14
3/30/2021,236.539993,6033,1097,2.73,0.14
3/31/2021,242.839996,6033,1097,2.73,0.14
4/1/2021,247.539993,6238,1184,2.53,0.14
4/5/2021,251.020004,6238,1184,2.53,0.14
4/6/2021,253.190002,6238,1184,2.53,0.14
4/7/2021,255.600006,6238,1184,2.53,0.14
4/8/2021,264.5,6238,1184,2.53,0.14
4/9/2021,266.769989,6238,1184,2.53,0.14
4/12/2021,269.029999,6238,1184,2.53,0.14
4/13/2021,275.429993,6238,1184,2.53,0.14
4/14/2021,267.209991,6238,1184,2.53,0.14
4/15/2021,274,6238,1184,2.53,0.14
4/16/2021,269.869995,6238,1184,2.53,0.14
4/19/2021,267.910004,6238,1184,2.53,0.14
4/20/2021,264.429993,6238,1184,2.53,0.14
4/21/2021,264.890015,6238,1184,2.53,0.14
4/22/2021,262.269989,6238,1184,2.53,0.14
4/23/2021,266.029999,6238,1184,2.53,0.14
4/26/2021,271.720001,6238,1184,2.53,0.14
4/27/2021,268.820007,6238,1184,2.53,0.14
4/28/2021,271.089996,6238,1184,2.53,0.14
4/29/2021,267.850006,6238,1184,2.53,0.14
4/30/2021,262.290009,6238,1184,2.53,0.14
5/3/2021,259.089996,6238,1184,2.53,0.14
5/4/2021,250.160004,6238,1184,2.53,0.14
5/5/2021,247.399994,6238,1184,2.53,0.14
5/6/2021,252.020004,6238,1184,2.53,0.14
5/7/2021,253.360001,6238,1184,2.53,0.14
5/10/2021,243.630005,6238,1184,2.53,0.14
5/11/2021,248.600006,6238,1184,2.53,0.14
5/12/2021,239.910004,6238,1184,2.53,0.14
5/13/2021,240.800003,6238,1184,2.53,0.14
5/14/2021,246.289993,6238,1184,2.53,0.14
5/17/2021,244.360001,6238,1184,2.53,0.14
5/18/2021,243.210007,6238,1184,2.53,0.14
5/19/2021,244.630005,6238,1184,2.53,0.14
5/20/2021,251.539993,6238,1184,2.53,0.14
5/21/2021,250.690002,6238,1184,2.53,0.14
5/24/2021,257.170013,6238,1184,2.53,0.14
5/25/2021,258.649994,6238,1184,2.53,0.14
5/26/2021,261.369995,6238,1184,2.53,0.14
5/27/2021,259.470001,6238,1184,2.53,0.14
5/28/2021,260.019989,6238,1184,2.53,0.14
6/1/2021,259.269989,6238,1184,2.53,0.14
6/2/2021,262.170013,6238,1184,2.53,0.14
6/3/2021,257.790009,6238,1184,2.53,0.14
6/4/2021,263.040009,6238,1184,2.53,0.14
6/7/2021,260.600006,6238,1184,2.53,0.14
6/8/2021,263.149994,6238,1184,2.53,0.14
6/9/2021,263.600006,6238,1184,2.53,0.14
6/10/2021,269.470001,6238,1184,2.53,0.14
6/11/2021,271.450012,6238,1184,2.53,0.14
6/14/2021,274.929993,6238,1184,2.53,0.14
6/15/2021,271.890015,6238,1184,2.53,0.14
6/16/2021,268.820007,6238,1184,2.53,0.14
6/17/2021,278.109985,6238,1184,2.53,0.14
6/18/2021,283.380005,6238,1184,2.53,0.14
6/21/2021,283.100006,6238,1184,2.53,0.14
6/22/2021,286.75,6238,1184,2.53,0.14
6/23/2021,288.119995,6238,1184,2.53,0.14
6/24/2021,293.209991,6238,1184,2.53,0.14
6/25/2021,289.600006,6238,1184,2.53,0.14
6/28/2021,293.649994,6238,1184,2.53,0.14
6/29/2021,292.76001,6238,1184,2.53,0.14
6/30/2021,291.480011,6238,1184,2.53,0.14
7/1/2021,289,6182,1087,2.37,0.14
7/2/2021,290.23999,6182,1087,2.37,0.14
7/6/2021,292.640015,6182,1087,2.37,0.14
7/7/2021,297.130005,6182,1087,2.37,0.14
7/8/2021,295.049988,6182,1087,2.37,0.14
7/9/2021,300.209991,6182,1087,2.37,0.14
7/12/2021,302.970001,6182,1087,2.37,0.14
7/13/2021,301.190002,6182,1087,2.37,0.14
7/14/2021,300.75,6182,1087,2.37,0.14
7/15/2021,296.51001,6182,1087,2.37,0.14
7/16/2021,294.630005,6182,1087,2.37,0.14
7/19/2021,294.850006,6182,1087,2.37,0.14
7/20/2021,298.070007,6182,1087,2.37,0.14
7/21/2021,301.769989,6182,1087,2.37,0.14
7/22/2021,303.690002,6182,1087,2.37,0.14
7/23/2021,308.529999,6182,1087,2.37,0.14
7/26/2021,306.799988,6182,1087,2.37,0.14
7/27/2021,300.480011,6182,1087,2.37,0.14
7/28/2021,301.980011,6182,1087,2.37,0.14
7/29/2021,283.170013,6182,1087,2.37,0.14
7/30/2021,275.529999,6182,1087,2.37,0.14
8/2/2021,270.98999,6182,1087,2.37,0.14
8/3/2021,273.5,6182,1087,2.37,0.14
8/4/2021,275.5,6182,1087,2.37,0.14
8/5/2021,280.670013,6182,1087,2.37,0.14
8/6/2021,279.540009,6182,1087,2.37,0.14
8/9/2021,278.149994,6182,1087,2.37,0.14
8/10/2021,274.369995,6182,1087,2.37,0.14
8/11/2021,276.410004,6182,1087,2.37,0.14
8/12/2021,274.589996,6182,1087,2.37,0.14
8/13/2021,274.910004,6182,1087,2.37,0.14
8/16/2021,278.279999,6182,1087,2.37,0.14
8/17/2021,271.100006,6182,1087,2.37,0.14
8/18/2021,268.839996,6182,1087,2.37,0.14
8/19/2021,270.579987,6182,1087,2.37,0.14
8/20/2021,272.959991,6182,1087,2.37,0.14
8/23/2021,276.980011,6182,1087,2.37,0.14
8/24/2021,279.51001,6182,1087,2.37,0.14
8/25/2021,277.690002,6182,1087,2.37,0.14
8/26/2021,273.619995,6182,1087,2.37,0.14
8/27/2021,278.329987,6182,1087,2.37,0.14
8/30/2021,288.470001,6182,1087,2.37,0.14
8/31/2021,288.660004,6182,1087,2.37,0.14
9/1/2021,286.75,6182,1087,2.37,0.14
9/2/2021,285.529999,6182,1087,2.37,0.14
9/3/2021,289.130005,6182,1087,2.37,0.14
9/7/2021,293.26001,6182,1087,2.37,0.14
9/8/2021,285.230011,6182,1087,2.37,0.14
9/9/2021,286.880005,6182,1087,2.37,0.14
9/10/2021,284.320007,6182,1087,2.37,0.14
9/13/2021,280.48999,6182,1087,2.37,0.14
9/14/2021,282.23999,6182,1087,2.37,0.14
9/15/2021,282.429993,6182,1087,2.37,0.14
9/16/2021,282.970001,6182,1087,2.37,0.14
9/17/2021,276.339996,6182,1087,2.37,0.14
9/20/2021,269.910004,6182,1087,2.37,0.14
9/21/2021,269.48999,6182,1087,2.37,0.14
9/22/2021,272.339996,6182,1087,2.37,0.14
9/23/2021,279.100006,6182,1087,2.37,0.14
9/24/2021,278.109985,6182,1087,2.37,0.14
9/27/2021,273.390015,6182,1087,2.37,0.14
9/28/2021,262.190002,6182,1087,2.37,0.14
9/29/2021,259,6182,1087,2.37,0.14
9/30/2021,260.209991,6182,1087,2.37,0.14
10/1/2021,264.649994,6918,801,2.49,0.14
10/4/2021,255.009995,6918,801,2.49,0.14
10/5/2021,260.149994,6918,801,2.49,0.14
10/6/2021,264.059998,6918,801,2.49,0.14
10/7/2021,263.540009,6918,801,2.49,0.14
10/8/2021,260.059998,6918,801,2.49,0.14
10/11/2021,255.050003,6918,801,2.49,0.14
10/12/2021,255.850006,6918,801,2.49,0.14
10/13/2021,256.359985,6918,801,2.49,0.14
10/14/2021,266.450012,6918,801,2.49,0.14
10/15/2021,268.350006,6918,801,2.49,0.14
10/18/2021,270.329987,6918,801,2.49,0.14
10/19/2021,271.700012,6918,801,2.49,0.14
10/20/2021,258.359985,6918,801,2.49,0.14
10/21/2021,243.210007,6918,801,2.49,0.14
10/22/2021,240.399994,6918,801,2.49,0.14
10/25/2021,246.880005,6918,801,2.49,0.14
10/26/2021,243,6918,801,2.49,0.14
10/27/2021,234.940002,6918,801,2.49,0.14
10/28/2021,236.830002,6918,801,2.49,0.14
10/29/2021,232.589996,6918,801,2.49,0.14
11/1/2021,231.279999,6918,801,2.49,0.14
11/2/2021,229.460007,6918,801,2.49,0.14
11/3/2021,230.380005,6918,801,2.49,0.14
11/4/2021,228.220001,6918,801,2.49,0.14
11/5/2021,225.779999,6918,801,2.49,0.14
11/8/2021,229.419998,6918,801,2.49,0.14
11/9/2021,205.419998,6918,801,2.49,0.14
11/10/2021,204.639999,6918,801,2.49,0.14
11/11/2021,202.029999,6918,801,2.49,0.14
11/12/2021,208.300003,6918,801,2.49,0.14
11/15/2021,212.539993,6918,801,2.49,0.14
11/16/2021,215.669998,6918,801,2.49,0.14
11/17/2021,206.270004,6918,801,2.49,0.14
11/18/2021,200.5,6918,801,2.49,0.14
11/19/2021,193.610001,6918,801,2.49,0.14
11/22/2021,189.479996,6918,801,2.49,0.14
11/23/2021,188.050003,6918,801,2.49,0.14
11/24/2021,188.710007,6918,801,2.49,0.14
11/26/2021,187.789993,6918,801,2.49,0.14
11/29/2021,187.240005,6918,801,2.49,0.14
11/30/2021,184.889999,6918,801,2.49,0.14
12/1/2021,179.320007,6918,801,2.49,0.14
12/2/2021,187.149994,6918,801,2.49,0.14
12/3/2021,183.929993,6918,801,2.49,0.14
12/6/2021,184.860001,6918,801,2.49,0.14
12/7/2021,191.020004,6918,801,2.49,0.14
12/8/2021,197.350006,6918,801,2.49,0.14
12/9/2021,191.75,6918,801,2.49,0.14
12/10/2021,188.509995,6918,801,2.49,0.14
12/13/2021,186.380005,6918,801,2.49,0.14
12/14/2021,186.800003,6918,801,2.49,0.14
12/15/2021,190.660004,6918,801,2.49,0.14
12/16/2021,188.75,6918,801,2.49,0.14
12/17/2021,186.199997,6918,801,2.49,0.14
12/20/2021,182.679993,6918,801,2.49,0.14
12/21/2021,189.139999,6918,801,2.49,0.14
12/22/2021,191.679993,6918,801,2.49,0.14
12/23/2021,192.009995,6918,801,2.49,0.14
12/27/2021,192.009995,6918,801,2.49,0.14
12/28/2021,190.100006,6918,801,2.49,0.14
12/29/2021,189.970001,6918,801,2.49,0.14
12/30/2021,191.880005,6918,801,2.49,0.14
12/31/2021,188.580002,6918,801,2.49,0.14
1/3/2022,194.940002,6483,509,2.68,0.13
1/4/2022,191.139999,6483,509,2.68,0.13
1/5/2022,187.160004,6483,509,2.68,0.13
1/6/2022,192.270004,6483,509,2.68,0.13
1/7/2022,187.600006,6483,509,2.68,0.13
1/10/2022,182.949997,6483,509,2.68,0.13
1/11/2022,191.520004,6483,509,2.68,0.13
1/12/2022,187.199997,6483,509,2.68,0.13
1/13/2022,181.009995,6483,509,2.68,0.13
1/14/2022,178.419998,6483,509,2.68,0.13
1/18/2022,174.460007,6483,509,2.68,0.13
1/19/2022,173.550003,6483,509,2.68,0.13
1/20/2022,173.279999,6483,509,2.68,0.13
1/21/2022,163.539993,6483,509,2.68,0.13
1/24/2022,162.169998,6483,509,2.68,0.13
1/25/2022,158.199997,6483,509,2.68,0.13
1/26/2022,156.979996,6483,509,2.68,0.13
1/27/2022,158.110001,6483,509,2.68,0.13
1/28/2022,163.520004,6483,509,2.68,0.13
1/31/2022,171.940002,6483,509,2.68,0.13
2/1/2022,175.800003,6483,509,2.68,0.13
2/2/2022,132.570007,6483,509,2.68,0.13
2/3/2022,124.300003,6483,509,2.68,0.13
2/4/2022,126.080002,6483,509,2.68,0.13
2/7/2022,121.410004,6483,509,2.68,0.13
2/8/2022,120.260002,6483,509,2.68,0.13
2/9/2022,122.940002,6483,509,2.68,0.13
2/10/2022,119.019997,6483,509,2.68,0.13
2/11/2022,115.290001,6483,509,2.68,0.13
2/14/2022,114.120003,6483,509,2.68,0.13
2/15/2022,115.459999,6483,509,2.68,0.13
2/16/2022,110.540001,6483,509,2.68,0.13
2/17/2022,105.199997,6483,509,2.68,0.13
2/18/2022,103.650002,6483,509,2.68,0.13
2/22/2022,103.169998,6483,509,2.68,0.13
2/23/2022,100.720001,6483,509,2.68,0.13
2/24/2022,105.019997,6483,509,2.68,0.13
2/25/2022,110.940002,6483,509,2.68,0.13
2/28/2022,111.93,6483,509,2.68,0.13
3/1/2022,106.510002,6483,509,2.68,0.13
3/2/2022,106.610001,6483,509,2.68,0.13
3/3/2022,101.339996,6483,509,2.68,0.13
3/4/2022,99.910004,6483,509,2.68,0.13
3/7/2022,93.610001,6483,509,2.68,0.13
3/8/2022,94.900002,6483,509,2.68,0.13
3/9/2022,100.220001,6483,509,2.68,0.13
3/10/2022,98.550003,6483,509,2.68,0.13
3/11/2022,96.57,6483,509,2.68,0.13
3/14/2022,96.870003,6483,509,2.68,0.13
3/15/2022,100.459999,6483,509,2.68,0.13
3/16/2022,107.919998,6483,509,2.68,0.13
3/17/2022,112.160004,6483,509,2.68,0.13
3/18/2022,118.769997,6483,509,2.68,0.13
3/21/2022,114.650002,6483,509,2.68,0.13
3/22/2022,117.870003,6483,509,2.68,0.13
3/23/2022,114.650002,6483,509,2.68,0.13
3/24/2022,116.050003,6483,509,2.68,0.13
3/25/2022,113.760002,6483,509,2.68,0.13
3/28/2022,116.169998,6483,509,2.68,0.13
3/29/2022,121.18,6483,509,2.68,0.13
3/30/2022,118.489998,6483,509,2.68,0.13
3/31/2022,115.650002,6483,509,2.68,0.13
4/1/2022,116.669998,6806,-341,2.94,0.12
4/4/2022,121.860001,6806,-341,2.94,0.12
4/5/2022,117.650002,6806,-341,2.94,0.12
4/6/2022,112.489998,6806,-341,2.94,0.12
4/7/2022,113.040001,6806,-341,2.94,0.12
4/8/2022,111.209999,6806,-341,2.94,0.12
4/11/2022,109.809998,6806,-341,2.94,0.12
4/12/2022,108.25,6806,-341,2.94,0.12
4/13/2022,105.169998,6806,-341,2.94,0.12
4/14/2022,102.309998,6806,-341,2.94,0.12
4/18/2022,100.580002,6806,-341,2.94,0.12
4/19/2022,103.660004,6806,-341,2.94,0.12
4/20/2022,94.900002,6806,-341,2.94,0.12
4/21/2022,89.400002,6806,-341,2.94,0.12
4/22/2022,86.029999,6806,-341,2.94,0.12
4/25/2022,87.779999,6806,-341,2.94,0.12
4/26/2022,83.699997,6806,-341,2.94,0.12
4/27/2022,82.610001,6806,-341,2.94,0.12
4/28/2022,92.089996,6806,-341,2.94,0.12
4/29/2022,87.93,6806,-341,2.94,0.12
5/2/2022,91.529999,6806,-341,2.94,0.12
5/3/2022,90.709999,6806,-341,2.94,0.12
5/4/2022,92.720001,6806,-341,2.94,0.12
5/5/2022,85.43,6806,-341,2.94,0.12
5/6/2022,81.68,6806,-341,2.94,0.12
5/9/2022,79.529999,6806,-341,2.94,0.12
5/10/2022,78.75,6806,-341,2.94,0.12
5/11/2022,75.169998,6806,-341,2.94,0.12
5/12/2022,74.290001,6806,-341,2.94,0.12
5/13/2022,78.830002,6806,-341,2.94,0.12
5/16/2022,77.650002,6806,-341,2.94,0.12
5/17/2022,79.75,6806,-341,2.94,0.12
5/18/2022,77.18,6806,-341,2.94,0.12
5/19/2022,81.279999,6806,-341,2.94,0.12
5/20/2022,80.540001,6806,-341,2.94,0.12
5/23/2022,81.18,6806,-341,2.94,0.12
5/24/2022,78.650002,6806,-341,2.94,0.12
5/25/2022,80.120003,6806,-341,2.94,0.12
5/26/2022,80.419998,6806,-341,2.94,0.12
5/27/2022,85.209999,6806,-341,2.94,0.12
5/31/2022,85.209999,6806,-341,2.94,0.12
6/1/2022,82.480003,6806,-341,2.94,0.12
6/2/2022,88.32,6806,-341,2.94,0.12
6/3/2022,86.529999,6806,-341,2.94,0.12
6/6/2022,86.809998,6806,-341,2.94,0.12
6/7/2022,88.589996,6806,-341,2.94,0.12
6/8/2022,87.510002,6806,-341,2.94,0.12
6/9/2022,84.110001,6806,-341,2.94,0.12
6/10/2022,79.300003,6806,-341,2.94,0.12
6/13/2022,73.720001,6806,-341,2.94,0.12
6/14/2022,72.459999,6806,-341,2.94,0.12
6/15/2022,75.830002,6806,-341,2.94,0.12
6/16/2022,71.230003,6806,-341,2.94,0.12
6/17/2022,72.900002,6806,-341,2.94,0.12
6/21/2022,72.370003,6806,-341,2.94,0.12
6/22/2022,72.970001,6806,-341,2.94,0.12
6/23/2022,73.809998,6806,-341,2.94,0.12
6/24/2022,77.68,6806,-341,2.94,0.12
6/27/2022,75.940002,6806,-341,2.94,0.12
6/28/2022,71.82,6806,-341,2.94,0.12
6/29/2022,71.470001,6806,-341,2.94,0.12
6/30/2022,69.839996,6806,-341,2.94,0.12
7/1/2022,71.400002,6846,1330,2.77,0.12
7/5/2022,74.400002,6846,1330,2.77,0.12
7/6/2022,73.239998,6846,1330,2.77,0.12
7/7/2022,75.040001,6846,1330,2.77,0.12
7/8/2022,73.43,6846,1330,2.77,0.12
7/11/2022,70.470001,6846,1330,2.77,0.12
7/12/2022,71.43,6846,1330,2.77,0.12
7/13/2022,71.360001,6846,1330,2.77,0.12
7/14/2022,69.550003,6846,1330,2.77,0.12
7/15/2022,73.910004,6846,1330,2.77,0.12
7/18/2022,74.129997,6846,1330,2.77,0.12
7/19/2022,77.739998,6846,1330,2.77,0.12
7/20/2022,80.239998,6846,1330,2.77,0.12
7/21/2022,82.75,6846,1330,2.77,0.12
7/22/2022,81.050003,6846,1330,2.77,0.12
7/25/2022,81.650002,6846,1330,2.77,0.12
7/26/2022,77.040001,6846,1330,2.77,0.12
7/27/2022,86.419998,6846,1330,2.77,0.12
7/28/2022,85.860001,6846,1330,2.77,0.12
7/29/2022,86.529999,6846,1330,2.77,0.12
8/1/2022,88.565002,6846,1330,2.77,0.12
8/2/2022,89.629997,6846,1330,2.77,0.12
8/3/2022,97.919998,6846,1330,2.77,0.12
8/4/2022,96.980003,6846,1330,2.77,0.12
8/5/2022,95.32,6846,1330,2.77,0.12
8/8/2022,96.260002,6846,1330,2.77,0.12
8/9/2022,94.480003,6846,1330,2.77,0.12
8/10/2022,98.910004,6846,1330,2.77,0.12
8/11/2022,99.110001,6846,1330,2.77,0.12
8/12/2022,101.099998,6846,1330,2.77,0.12
8/15/2022,101.510002,6846,1330,2.77,0.12
8/16/2022,102.080002,6846,1330,2.77,0.12
8/17/2022,99.419998,6846,1330,2.77,0.12
8/18/2022,99.860001,6846,1330,2.77,0.12
8/19/2022,96.559998,6846,1330,2.77,0.12
8/22/2022,93.580002,6846,1330,2.77,0.12
8/23/2022,93.199997,6846,1330,2.77,0.12
8/24/2022,93.760002,6846,1330,2.77,0.12
8/25/2022,96.720001,6846,1330,2.77,0.12
8/26/2022,92.699997,6846,1330,2.77,0.12
8/29/2022,92.660004,6846,1330,2.77,0.12
8/30/2022,91.800003,6846,1330,2.77,0.12
8/31/2022,93.440002,6846,1330,2.77,0.12
9/1/2022,92.660004,6846,1330,2.77,0.12
9/2/2022,91.129997,6846,1330,2.77,0.12
9/6/2022,91.614998,6846,1330,2.77,0.12
9/7/2022,94.970001,6846,1330,2.77,0.12
9/8/2022,96.169998,6846,1330,2.77,0.12
9/9/2022,96.230003,6846,1330,2.77,0.12
9/12/2022,97.650002,6846,1330,2.77,0.12
9/13/2022,95.010002,6846,1330,2.77,0.12
9/14/2022,97.660004,6846,1330,2.77,0.12
9/15/2022,96.400002,6846,1330,2.77,0.12
9/16/2022,94,6846,1330,2.77,0.12
9/19/2022,95.029999,6846,1330,2.77,0.12
9/20/2022,91.629997,6846,1330,2.77,0.12
9/21/2022,91.18,6846,1330,2.77,0.12
9/22/2022,87.660004,6846,1330,2.77,0.12
9/23/2022,86.970001,6846,1330,2.77,0.12
9/26/2022,84.260002,6846,1330,2.77,0.12
9/27/2022,85.75,6846,1330,2.77,0.12
9/28/2022,91.120003,6846,1330,2.77,0.12
9/29/2022,88.699997,6846,1330,2.77,0.12
9/30/2022,86.07,6846,1330,2.77,0.12
10/3/2022,87.18,7383,921,2.88,0.13
10/4/2022,92.790001,7383,921,2.88,0.13
10/5/2022,93.830002,7383,921,2.88,0.13
10/6/2022,94.419998,7383,921,2.88,0.13
10/7/2022,90.169998,7383,921,2.88,0.13
10/10/2022,84.519997,7383,921,2.88,0.13
10/11/2022,83.089996,7383,921,2.88,0.13
10/12/2022,83.809998,7383,921,2.88,0.13
10/13/2022,84.040001,7383,921,2.88,0.13
10/14/2022,80.470001,7383,921,2.88,0.13
10/17/2022,84.660004,7383,921,2.88,0.13
10/18/2022,85.290001,7383,921,2.88,0.13
10/19/2022,84.470001,7383,921,2.88,0.13
10/20/2022,84.779999,7383,921,2.88,0.13
10/21/2022,83.940002,7383,921,2.88,0.13
10/24/2022,83.32,7383,921,2.88,0.13
10/25/2022,89.239998,7383,921,2.88,0.13
10/26/2022,88.550003,7383,921,2.88,0.13
10/27/2022,87.349998,7383,921,2.88,0.13
10/28/2022,86.25,7383,921,2.88,0.13
10/31/2022,83.580002,7383,921,2.88,0.13
11/1/2022,83.110001,7383,921,2.88,0.13
11/2/2022,79.449997,7383,921,2.88,0.13
11/3/2022,76.550003,7383,921,2.88,0.13
11/4/2022,75.18,7383,921,2.88,0.13
11/7/2022,77.660004,7383,921,2.88,0.13
11/8/2022,81.129997,7383,921,2.88,0.13
11/9/2022,78.68,7383,921,2.88,0.13
11/10/2022,86.800003,7383,921,2.88,0.13
11/11/2022,91.029999,7383,921,2.88,0.13
11/14/2022,89.510002,7383,921,2.88,0.13
11/15/2022,89.860001,7383,921,2.88,0.13
11/16/2022,87.040001,7383,921,2.88,0.13
11/17/2022,85.639999,7383,921,2.88,0.13
11/18/2022,84.919998,7383,921,2.88,0.13
11/21/2022,80.629997,7383,921,2.88,0.13
11/22/2022,79.910004,7383,921,2.88,0.13
11/23/2022,80.75,7383,921,2.88,0.13
11/25/2022,80.080002,7383,921,2.88,0.13
11/28/2022,79.93,7383,921,2.88,0.13
11/29/2022,77.639999,7383,921,2.88,0.13
11/30/2022,78.410004,7383,921,2.88,0.13
12/1/2022,78.529999,7383,921,2.88,0.13
12/2/2022,74.660004,7383,921,2.88,0.13
12/5/2022,73.620003,7383,921,2.88,0.13
12/6/2022,72.230003,7383,921,2.88,0.13
12/7/2022,74.419998,7383,921,2.88,0.13
12/8/2022,74.220001,7383,921,2.88,0.13
12/9/2022,73.57,7383,921,2.88,0.13
12/12/2022,73.800003,7383,921,2.88,0.13
12/13/2022,73.699997,7383,921,2.88,0.13
12/14/2022,72.629997,7383,921,2.88,0.13
12/15/2022,69.769997,7383,921,2.88,0.13
12/16/2022,69.260002,7383,921,2.88,0.13
12/19/2022,68.949997,7383,921,2.88,0.13
12/20/2022,68.760002,7383,921,2.88,0.13
12/21/2022,69.209999,7383,921,2.88,0.13
12/22/2022,68.57,7383,921,2.88,0.13
12/23/2022,69.029999,7383,921,2.88,0.13
12/27/2022,68.330002,7383,921,2.88,0.13
12/28/2022,67.550003,7383,921,2.88,0.13
12/29/2022,70.559998,7383,921,2.88,0.13
12/30/2022,71.220001,7383,921,2.88,0.13
