Date,Close price,Revenue,Net income,D/E Ratio,ROIC
1/3/2017,76.093689,4477.00 ,430.00 ,1.52,0.19
1/4/2017,76.71582,4477.00 ,430.00 ,1.52,0.19
1/5/2017,77.615547,4477.00 ,430.00 ,1.52,0.19
1/6/2017,78.687561,4477.00 ,430.00 ,1.52,0.19
1/9/2017,78.247253,4477.00 ,430.00 ,1.52,0.19
1/10/2017,77.826149,4477.00 ,430.00 ,1.52,0.19
1/11/2017,78.295166,4477.00 ,430.00 ,1.52,0.19
1/12/2017,77.883583,4477.00 ,430.00 ,1.52,0.19
1/13/2017,77.692131,4477.00 ,430.00 ,1.52,0.19
1/17/2017,77.778282,4477.00 ,430.00 ,1.52,0.19
1/18/2017,78.094139,4477.00 ,430.00 ,1.52,0.19
1/19/2017,78.228142,4477.00 ,430.00 ,1.52,0.19
1/20/2017,78.333412,4477.00 ,430.00 ,1.52,0.19
1/23/2017,78.63015,4477.00 ,430.00 ,1.52,0.19
1/24/2017,79.663879,4477.00 ,430.00 ,1.52,0.19
1/25/2017,80.305168,4477.00 ,430.00 ,1.52,0.19
1/26/2017,79.673424,4477.00 ,430.00 ,1.52,0.19
1/27/2017,80.18074,4477.00 ,430.00 ,1.52,0.19
1/30/2017,80.113747,4477.00 ,430.00 ,1.52,0.19
1/31/2017,79.166145,4477.00 ,430.00 ,1.52,0.19
2/1/2017,78.90773,4477.00 ,430.00 ,1.52,0.19
2/2/2017,78.77372,4477.00 ,430.00 ,1.52,0.19
2/3/2017,82.391762,4477.00 ,430.00 ,1.52,0.19
2/6/2017,82.152473,4477.00 ,430.00 ,1.52,0.19
2/7/2017,82.104599,4477.00 ,430.00 ,1.52,0.19
2/8/2017,81.444176,4477.00 ,430.00 ,1.52,0.19
2/9/2017,81.91317,4477.00 ,430.00 ,1.52,0.19
2/10/2017,82.219475,4477.00 ,430.00 ,1.52,0.19
2/13/2017,82.736336,4477.00 ,430.00 ,1.52,0.19
2/14/2017,83.128746,4477.00 ,430.00 ,1.52,0.19
2/15/2017,83.948708,4477.00 ,430.00 ,1.52,0.19
2/16/2017,83.824051,4477.00 ,430.00 ,1.52,0.19
2/17/2017,83.871971,4477.00 ,430.00 ,1.52,0.19
2/21/2017,84.313103,4477.00 ,430.00 ,1.52,0.19
2/22/2017,84.198021,4477.00 ,430.00 ,1.52,0.19
2/23/2017,84.562447,4477.00 ,430.00 ,1.52,0.19
2/24/2017,84.80217,4477.00 ,430.00 ,1.52,0.19
2/27/2017,84.389809,4477.00 ,430.00 ,1.52,0.19
2/28/2017,84.332275,4477.00 ,430.00 ,1.52,0.19
3/1/2017,85.339203,4477.00 ,430.00 ,1.52,0.19
3/2/2017,84.898087,4477.00 ,430.00 ,1.52,0.19
3/3/2017,85.147392,4477.00 ,430.00 ,1.52,0.19
3/6/2017,85.291252,4477.00 ,430.00 ,1.52,0.19
3/7/2017,85.406334,4477.00 ,430.00 ,1.52,0.19
3/8/2017,85.31044,4477.00 ,430.00 ,1.52,0.19
3/9/2017,85.454277,4477.00 ,430.00 ,1.52,0.19
3/10/2017,86.048843,4477.00 ,430.00 ,1.52,0.19
3/13/2017,86.413246,4477.00 ,430.00 ,1.52,0.19
3/14/2017,85.876236,4477.00 ,430.00 ,1.52,0.19
3/15/2017,86.231056,4477.00 ,430.00 ,1.52,0.19
3/16/2017,86.346138,4477.00 ,430.00 ,1.52,0.19
3/17/2017,86.53791,4477.00 ,430.00 ,1.52,0.19
3/20/2017,85.521416,4477.00 ,430.00 ,1.52,0.19
3/21/2017,84.447334,4477.00 ,430.00 ,1.52,0.19
3/22/2017,84.888481,4477.00 ,430.00 ,1.52,0.19
3/23/2017,85.214561,4477.00 ,430.00 ,1.52,0.19
3/24/2017,85.531013,4477.00 ,430.00 ,1.52,0.19
3/27/2017,85.300827,4477.00 ,430.00 ,1.52,0.19
3/28/2017,85.46386,4477.00 ,430.00 ,1.52,0.19
3/29/2017,85.521416,4477.00 ,430.00 ,1.52,0.19
3/30/2017,85.358391,4477.00 ,430.00 ,1.52,0.19
3/31/2017,85.224136,4477.00 ,430.00 ,1.52,0.19
4/3/2017,85.694031,4565.00 ,2059.00 ,1.65,0.25
4/4/2017,85.137817,4565.00 ,2059.00 ,1.65,0.25
4/5/2017,85.377571,4565.00 ,2059.00 ,1.65,0.25
4/6/2017,85.435104,4565.00 ,2059.00 ,1.65,0.25
4/7/2017,85.09948,4565.00 ,2059.00 ,1.65,0.25
4/10/2017,85.214561,4565.00 ,2059.00 ,1.65,0.25
4/11/2017,85.204948,4565.00 ,2059.00 ,1.65,0.25
4/12/2017,85.041931,4565.00 ,2059.00 ,1.65,0.25
4/13/2017,85.224136,4565.00 ,2059.00 ,1.65,0.25
4/17/2017,86.125565,4565.00 ,2059.00 ,1.65,0.25
4/18/2017,86.048843,4565.00 ,2059.00 ,1.65,0.25
4/19/2017,86.068008,4565.00 ,2059.00 ,1.65,0.25
4/20/2017,87.410591,4565.00 ,2059.00 ,1.65,0.25
4/21/2017,87.410591,4565.00 ,2059.00 ,1.65,0.25
4/24/2017,88.081879,4565.00 ,2059.00 ,1.65,0.25
4/25/2017,88.331215,4565.00 ,2059.00 ,1.65,0.25
4/26/2017,88.05307,4565.00 ,2059.00 ,1.65,0.25
4/27/2017,87.842125,4565.00 ,2059.00 ,1.65,0.25
4/28/2017,87.477722,4565.00 ,2059.00 ,1.65,0.25
5/1/2017,87.516075,4565.00 ,2059.00 ,1.65,0.25
5/2/2017,88.743561,4565.00 ,2059.00 ,1.65,0.25
5/3/2017,88.647652,4565.00 ,2059.00 ,1.65,0.25
5/4/2017,88.820282,4565.00 ,2059.00 ,1.65,0.25
5/5/2017,88.312027,4565.00 ,2059.00 ,1.65,0.25
5/8/2017,88.149002,4565.00 ,2059.00 ,1.65,0.25
5/9/2017,88.225716,4565.00 ,2059.00 ,1.65,0.25
5/10/2017,88.465462,4565.00 ,2059.00 ,1.65,0.25
5/11/2017,88.321617,4565.00 ,2059.00 ,1.65,0.25
5/12/2017,88.925789,4565.00 ,2059.00 ,1.65,0.25
5/15/2017,89.405266,4565.00 ,2059.00 ,1.65,0.25
5/16/2017,89.328545,4565.00 ,2059.00 ,1.65,0.25
5/17/2017,88.151688,4565.00 ,2059.00 ,1.65,0.25
5/18/2017,88.103676,4565.00 ,2059.00 ,1.65,0.25
5/19/2017,88.843391,4565.00 ,2059.00 ,1.65,0.25
5/22/2017,89.640747,4565.00 ,2059.00 ,1.65,0.25
5/23/2017,90.169136,4565.00 ,2059.00 ,1.65,0.25
5/24/2017,91.081779,4565.00 ,2059.00 ,1.65,0.25
5/25/2017,91.302734,4565.00 ,2059.00 ,1.65,0.25
5/26/2017,90.947273,4565.00 ,2059.00 ,1.65,0.25
5/30/2017,90.995331,4565.00 ,2059.00 ,1.65,0.25
5/31/2017,91.485268,4565.00 ,2059.00 ,1.65,0.25
6/1/2017,91.648582,4565.00 ,2059.00 ,1.65,0.25
6/2/2017,92.369072,4565.00 ,2059.00 ,1.65,0.25
6/5/2017,92.753326,4565.00 ,2059.00 ,1.65,0.25
6/6/2017,92.023254,4565.00 ,2059.00 ,1.65,0.25
6/7/2017,92.31144,4565.00 ,2059.00 ,1.65,0.25
6/8/2017,92.31144,4565.00 ,2059.00 ,1.65,0.25
6/9/2017,90.841614,4565.00 ,2059.00 ,1.65,0.25
6/12/2017,89.823303,4565.00 ,2059.00 ,1.65,0.25
6/13/2017,91.341148,4565.00 ,2059.00 ,1.65,0.25
6/14/2017,91.571724,4565.00 ,2059.00 ,1.65,0.25
6/15/2017,90.466957,4565.00 ,2059.00 ,1.65,0.25
6/16/2017,90.466957,4565.00 ,2059.00 ,1.65,0.25
6/19/2017,91.062569,4565.00 ,2059.00 ,1.65,0.25
6/20/2017,90.668655,4565.00 ,2059.00 ,1.65,0.25
6/21/2017,90.822395,4565.00 ,2059.00 ,1.65,0.25
6/22/2017,90.2556,4565.00 ,2059.00 ,1.65,0.25
6/23/2017,91.82148,4565.00 ,2059.00 ,1.65,0.25
6/26/2017,91.475647,4565.00 ,2059.00 ,1.65,0.25
6/27/2017,91.168228,4565.00 ,2059.00 ,1.65,0.25
6/28/2017,92.44593,4565.00 ,2059.00 ,1.65,0.25
6/29/2017,90.7071,4565.00 ,2059.00 ,1.65,0.25
6/30/2017,90.092285,4565.00 ,2059.00 ,1.65,0.25
7/3/2017,89.679192,4855.00 ,2140.00 ,1.9,0.26
7/5/2017,90.313225,4855.00 ,2140.00 ,1.9,0.26
7/6/2017,89.58313,4855.00 ,2140.00 ,1.9,0.26
7/7/2017,90.226791,4855.00 ,2140.00 ,1.9,0.26
7/10/2017,91.350754,4855.00 ,2140.00 ,1.9,0.26
7/11/2017,91.65818,4855.00 ,2140.00 ,1.9,0.26
7/12/2017,92.397903,4855.00 ,2140.00 ,1.9,0.26
7/13/2017,92.167336,4855.00 ,2140.00 ,1.9,0.26
7/14/2017,93.118401,4855.00 ,2140.00 ,1.9,0.26
7/17/2017,93.022354,4855.00 ,2140.00 ,1.9,0.26
7/18/2017,93.742851,4855.00 ,2140.00 ,1.9,0.26
7/19/2017,94.386497,4855.00 ,2140.00 ,1.9,0.26
7/20/2017,94.252007,4855.00 ,2140.00 ,1.9,0.26
7/21/2017,95.683426,4855.00 ,2140.00 ,1.9,0.26
7/24/2017,96.423164,4855.00 ,2140.00 ,1.9,0.26
7/25/2017,96.058083,4855.00 ,2140.00 ,1.9,0.26
7/26/2017,96.884247,4855.00 ,2140.00 ,1.9,0.26
7/27/2017,95.654579,4855.00 ,2140.00 ,1.9,0.26
7/28/2017,95.251106,4855.00 ,2140.00 ,1.9,0.26
7/31/2017,95.644981,4855.00 ,2140.00 ,1.9,0.26
8/1/2017,96.903473,4855.00 ,2140.00 ,1.9,0.26
8/2/2017,97.297356,4855.00 ,2140.00 ,1.9,0.26
8/3/2017,96.634491,4855.00 ,2140.00 ,1.9,0.26
8/4/2017,96.922691,4855.00 ,2140.00 ,1.9,0.26
8/7/2017,97.499084,4855.00 ,2140.00 ,1.9,0.26
8/8/2017,97.297356,4855.00 ,2140.00 ,1.9,0.26
8/9/2017,96.999557,4855.00 ,2140.00 ,1.9,0.26
8/10/2017,95.577759,4855.00 ,2140.00 ,1.9,0.26
8/11/2017,96.154144,4855.00 ,2140.00 ,1.9,0.26
8/14/2017,97.864174,4855.00 ,2140.00 ,1.9,0.26
8/15/2017,98.594269,4855.00 ,2140.00 ,1.9,0.26
8/16/2017,99.416977,4855.00 ,2140.00 ,1.9,0.26
8/17/2017,98.300804,4855.00 ,2140.00 ,1.9,0.26
8/18/2017,98.637566,4855.00 ,2140.00 ,1.9,0.26
8/21/2017,99.320732,4855.00 ,2140.00 ,1.9,0.26
8/22/2017,100.138626,4855.00 ,2140.00 ,1.9,0.26
8/23/2017,99.282272,4855.00 ,2140.00 ,1.9,0.26
8/24/2017,99.320732,4855.00 ,2140.00 ,1.9,0.26
8/25/2017,99.445824,4855.00 ,2140.00 ,1.9,0.26
8/28/2017,99.859604,4855.00 ,2140.00 ,1.9,0.26
8/29/2017,99.849953,4855.00 ,2140.00 ,1.9,0.26
8/30/2017,99.811485,4855.00 ,2140.00 ,1.9,0.26
8/31/2017,99.609421,4855.00 ,2140.00 ,1.9,0.26
9/1/2017,99.975075,4855.00 ,2140.00 ,1.9,0.26
9/5/2017,99.11869,4855.00 ,2140.00 ,1.9,0.26
9/6/2017,99.282272,4855.00 ,2140.00 ,1.9,0.26
9/7/2017,100.610146,4855.00 ,2140.00 ,1.9,0.26
9/8/2017,100.485031,4855.00 ,2140.00 ,1.9,0.26
9/11/2017,102.140076,4855.00 ,2140.00 ,1.9,0.26
9/12/2017,102.197784,4855.00 ,2140.00 ,1.9,0.26
9/13/2017,101.832161,4855.00 ,2140.00 ,1.9,0.26
9/14/2017,102.072708,4855.00 ,2140.00 ,1.9,0.26
9/15/2017,101.322174,4855.00 ,2140.00 ,1.9,0.26
9/18/2017,100.869942,4855.00 ,2140.00 ,1.9,0.26
9/19/2017,101.428017,4855.00 ,2140.00 ,1.9,0.26
9/20/2017,101.004646,4855.00 ,2140.00 ,1.9,0.26
9/21/2017,101.331787,4855.00 ,2140.00 ,1.9,0.26
9/22/2017,101.572372,4855.00 ,2140.00 ,1.9,0.26
9/25/2017,99.128281,4855.00 ,2140.00 ,1.9,0.26
9/26/2017,99.051346,4855.00 ,2140.00 ,1.9,0.26
9/27/2017,99.965431,4855.00 ,2140.00 ,1.9,0.26
9/28/2017,100.629379,4855.00 ,2140.00 ,1.9,0.26
9/29/2017,101.26445,4855.00 ,2140.00 ,1.9,0.26
10/2/2017,101.456909,4862.00 ,2522.00 ,2.07,0.26
10/3/2017,101.601204,4862.00 ,2522.00 ,2.07,0.26
10/4/2017,101.331787,4862.00 ,2522.00 ,2.07,0.26
10/5/2017,102.226662,4862.00 ,2522.00 ,2.07,0.26
10/6/2017,102.698143,4862.00 ,2522.00 ,2.07,0.26
10/9/2017,102.967575,4862.00 ,2522.00 ,2.07,0.26
10/10/2017,103.256218,4862.00 ,2522.00 ,2.07,0.26
10/11/2017,104.343567,4862.00 ,2522.00 ,2.07,0.26
10/12/2017,104.026031,4862.00 ,2522.00 ,2.07,0.26
10/13/2017,104.55526,4862.00 ,2522.00 ,2.07,0.26
10/16/2017,104.208862,4862.00 ,2522.00 ,2.07,0.26
10/17/2017,103.477547,4862.00 ,2522.00 ,2.07,0.26
10/18/2017,103.727737,4862.00 ,2522.00 ,2.07,0.26
10/19/2017,102.977173,4862.00 ,2522.00 ,2.07,0.26
10/20/2017,103.487175,4862.00 ,2522.00 ,2.07,0.26
10/23/2017,103.467934,4862.00 ,2522.00 ,2.07,0.26
10/24/2017,104.314682,4862.00 ,2522.00 ,2.07,0.26
10/25/2017,105.353889,4862.00 ,2522.00 ,2.07,0.26
10/26/2017,105.652161,4862.00 ,2522.00 ,2.07,0.26
10/27/2017,105.565559,4862.00 ,2522.00 ,2.07,0.26
10/30/2017,105.883133,4862.00 ,2522.00 ,2.07,0.26
10/31/2017,105.825363,4862.00 ,2522.00 ,2.07,0.26
11/1/2017,106.874199,4862.00 ,2522.00 ,2.07,0.26
11/2/2017,106.787605,4862.00 ,2522.00 ,2.07,0.26
11/3/2017,107.153236,4862.00 ,2522.00 ,2.07,0.26
11/6/2017,107.692101,4862.00 ,2522.00 ,2.07,0.26
11/7/2017,107.855652,4862.00 ,2522.00 ,2.07,0.26
11/8/2017,108.221313,4862.00 ,2522.00 ,2.07,0.26
11/9/2017,107.90377,4862.00 ,2522.00 ,2.07,0.26
11/10/2017,107.65361,4862.00 ,2522.00 ,2.07,0.26
11/13/2017,107.191742,4862.00 ,2522.00 ,2.07,0.26
11/14/2017,107.749847,4862.00 ,2522.00 ,2.07,0.26
11/15/2017,106.085197,4862.00 ,2522.00 ,2.07,0.26
11/16/2017,107.015381,4862.00 ,2522.00 ,2.07,0.26
11/17/2017,105.85865,4862.00 ,2522.00 ,2.07,0.26
11/20/2017,105.983955,4862.00 ,2522.00 ,2.07,0.26
11/21/2017,107.42984,4862.00 ,2522.00 ,2.07,0.26
11/22/2017,106.822594,4862.00 ,2522.00 ,2.07,0.26
11/24/2017,107.931114,4862.00 ,2522.00 ,2.07,0.26
11/27/2017,108.326302,4862.00 ,2522.00 ,2.07,0.26
11/28/2017,109.270958,4862.00 ,2522.00 ,2.07,0.26
11/29/2017,105.897209,4862.00 ,2522.00 ,2.07,0.26
11/30/2017,108.52874,4862.00 ,2522.00 ,2.07,0.26
12/1/2017,106.735855,4862.00 ,2522.00 ,2.07,0.26
12/4/2017,103.554848,4862.00 ,2522.00 ,2.07,0.26
12/5/2017,104.663383,4862.00 ,2522.00 ,2.07,0.26
12/6/2017,105.781555,4862.00 ,2522.00 ,2.07,0.26
12/7/2017,107.381653,4862.00 ,2522.00 ,2.07,0.26
12/8/2017,108.538383,4862.00 ,2522.00 ,2.07,0.26
12/11/2017,108.316658,4862.00 ,2522.00 ,2.07,0.26
12/12/2017,109.367363,4862.00 ,2522.00 ,2.07,0.26
12/13/2017,109.222755,4862.00 ,2522.00 ,2.07,0.26
12/14/2017,108.846825,4862.00 ,2522.00 ,2.07,0.26
12/15/2017,109.714355,4862.00 ,2522.00 ,2.07,0.26
12/18/2017,109.454117,4862.00 ,2522.00 ,2.07,0.26
12/19/2017,108.094978,4862.00 ,2522.00 ,2.07,0.26
12/20/2017,108.075714,4862.00 ,2522.00 ,2.07,0.26
12/21/2017,108.355232,4862.00 ,2522.00 ,2.07,0.26
12/22/2017,108.625145,4862.00 ,2522.00 ,2.07,0.26
12/26/2017,108.914307,4862.00 ,2522.00 ,2.07,0.26
12/27/2017,109.907158,4862.00 ,2522.00 ,2.07,0.26
12/28/2017,110.22525,4862.00 ,2522.00 ,2.07,0.26
12/29/2017,109.907158,4862.00 ,2522.00 ,2.07,0.26
1/2/2018,110.379494,5073.00 ,2605.00 ,1.94,0.26
1/3/2018,111.478363,5073.00 ,2605.00 ,1.94,0.26
1/4/2018,111.892853,5073.00 ,2605.00 ,1.94,0.26
1/5/2018,114.572563,5073.00 ,2605.00 ,1.94,0.26
1/8/2018,115.035255,5073.00 ,2605.00 ,1.94,0.26
1/9/2018,114.813568,5073.00 ,2605.00 ,1.94,0.26
1/10/2018,114.68824,5073.00 ,2605.00 ,1.94,0.26
1/11/2018,115.51722,5073.00 ,2605.00 ,1.94,0.26
1/12/2018,115.758202,5073.00 ,2605.00 ,1.94,0.26
1/16/2018,116.047386,5073.00 ,2605.00 ,1.94,0.26
1/17/2018,117.58004,5073.00 ,2605.00 ,1.94,0.26
1/18/2018,118.669273,5073.00 ,2605.00 ,1.94,0.26
1/19/2018,118.274063,5073.00 ,2605.00 ,1.94,0.26
1/22/2018,119.845261,5073.00 ,2605.00 ,1.94,0.26
1/23/2018,120.153725,5073.00 ,2605.00 ,1.94,0.26
1/24/2018,120.057343,5073.00 ,2605.00 ,1.94,0.26
1/25/2018,120.703171,5073.00 ,2605.00 ,1.94,0.26
1/26/2018,121.763481,5073.00 ,2605.00 ,1.94,0.26
1/29/2018,120.336861,5073.00 ,2605.00 ,1.94,0.26
1/30/2018,119.093414,5073.00 ,2605.00 ,1.94,0.26
1/31/2018,119.748848,5073.00 ,2605.00 ,1.94,0.26
2/1/2018,121.185135,5073.00 ,2605.00 ,1.94,0.26
2/2/2018,116.548653,5073.00 ,2605.00 ,1.94,0.26
2/5/2018,112.076004,5073.00 ,2605.00 ,1.94,0.26
2/6/2018,115.642517,5073.00 ,2605.00 ,1.94,0.26
2/7/2018,115.334084,5073.00 ,2605.00 ,1.94,0.26
2/8/2018,109.752922,5073.00 ,2605.00 ,1.94,0.26
2/9/2018,112.124184,5073.00 ,2605.00 ,1.94,0.26
2/12/2018,114.19664,5073.00 ,2605.00 ,1.94,0.26
2/13/2018,114.080971,5073.00 ,2605.00 ,1.94,0.26
2/14/2018,116.471512,5073.00 ,2605.00 ,1.94,0.26
2/15/2018,118.074432,5073.00 ,2605.00 ,1.94,0.26
2/16/2018,117.65921,5073.00 ,2605.00 ,1.94,0.26
2/20/2018,117.813698,5073.00 ,2605.00 ,1.94,0.26
2/21/2018,116.288063,5073.00 ,2605.00 ,1.94,0.26
2/22/2018,116.239761,5073.00 ,2605.00 ,1.94,0.26
2/23/2018,118.702065,5073.00 ,2605.00 ,1.94,0.26
2/26/2018,120.304977,5073.00 ,2605.00 ,1.94,0.26
2/27/2018,119.12693,5073.00 ,2605.00 ,1.94,0.26
2/28/2018,118.711716,5073.00 ,2605.00 ,1.94,0.26
3/1/2018,116.259079,5073.00 ,2605.00 ,1.94,0.26
3/2/2018,116.616348,5073.00 ,2605.00 ,1.94,0.26
3/5/2018,117.688164,5073.00 ,2605.00 ,1.94,0.26
3/6/2018,116.896378,5073.00 ,2605.00 ,1.94,0.26
3/7/2018,117.65921,5073.00 ,2605.00 ,1.94,0.26
3/8/2018,118.016487,5073.00 ,2605.00 ,1.94,0.26
3/9/2018,120.227699,5073.00 ,2605.00 ,1.94,0.26
3/12/2018,119.96701,5073.00 ,2605.00 ,1.94,0.26
3/13/2018,118.962761,5073.00 ,2605.00 ,1.94,0.26
3/14/2018,118.364075,5073.00 ,2605.00 ,1.94,0.26
3/15/2018,119.165565,5073.00 ,2605.00 ,1.94,0.26
3/16/2018,120.24704,5073.00 ,2605.00 ,1.94,0.26
3/19/2018,118.972427,5073.00 ,2605.00 ,1.94,0.26
3/20/2018,120.613968,5073.00 ,2605.00 ,1.94,0.26
3/21/2018,118.982086,5073.00 ,2605.00 ,1.94,0.26
3/22/2018,115.863182,5073.00 ,2605.00 ,1.94,0.26
3/23/2018,112.976006,5073.00 ,2605.00 ,1.94,0.26
3/26/2018,116.490829,5073.00 ,2605.00 ,1.94,0.26
3/27/2018,113.362244,5073.00 ,2605.00 ,1.94,0.26
3/28/2018,112.966354,5073.00 ,2605.00 ,1.94,0.26
3/29/2018,115.50589,5073.00 ,2605.00 ,1.94,0.26
4/2/2018,114.318199,5240.00 ,2329.00 ,1.69,0.26
4/3/2018,115.100349,5240.00 ,2329.00 ,1.69,0.26
4/4/2018,115.689369,5240.00 ,2329.00 ,1.69,0.26
4/5/2018,117.021904,5240.00 ,2329.00 ,1.69,0.26
4/6/2018,113.651939,5240.00 ,2329.00 ,1.69,0.26
4/9/2018,114.704453,5240.00 ,2329.00 ,1.69,0.26
4/10/2018,116.568077,5240.00 ,2329.00 ,1.69,0.26
4/11/2018,115.660408,5240.00 ,2329.00 ,1.69,0.26
4/12/2018,116.906036,5240.00 ,2329.00 ,1.69,0.26
4/13/2018,116.597038,5240.00 ,2329.00 ,1.69,0.26
4/16/2018,117.688164,5240.00 ,2329.00 ,1.69,0.26
4/17/2018,119.542145,5240.00 ,2329.00 ,1.69,0.26
4/18/2018,120.198769,5240.00 ,2329.00 ,1.69,0.26
4/19/2018,119.696632,5240.00 ,2329.00 ,1.69,0.26
4/20/2018,119.928375,5240.00 ,2329.00 ,1.69,0.26
4/23/2018,120.179436,5240.00 ,2329.00 ,1.69,0.26
4/24/2018,117.099152,5240.00 ,2329.00 ,1.69,0.26
4/25/2018,117.041229,5240.00 ,2329.00 ,1.69,0.26
4/26/2018,122.709343,5240.00 ,2329.00 ,1.69,0.26
4/27/2018,121.676132,5240.00 ,2329.00 ,1.69,0.26
4/30/2018,122.516212,5240.00 ,2329.00 ,1.69,0.26
5/1/2018,123.124527,5240.00 ,2329.00 ,1.69,0.26
5/2/2018,122.033401,5240.00 ,2329.00 ,1.69,0.26
5/3/2018,122.805901,5240.00 ,2329.00 ,1.69,0.26
5/4/2018,123.752197,5240.00 ,2329.00 ,1.69,0.26
5/7/2018,124.814362,5240.00 ,2329.00 ,1.69,0.26
5/8/2018,125.432343,5240.00 ,2329.00 ,1.69,0.26
5/9/2018,126.339981,5240.00 ,2329.00 ,1.69,0.26
5/10/2018,126.494499,5240.00 ,2329.00 ,1.69,0.26
5/11/2018,127.286301,5240.00 ,2329.00 ,1.69,0.26
5/14/2018,126.697289,5240.00 ,2329.00 ,1.69,0.26
5/15/2018,126.591103,5240.00 ,2329.00 ,1.69,0.26
5/16/2018,126.388321,5240.00 ,2329.00 ,1.69,0.26
5/17/2018,125.662933,5240.00 ,2329.00 ,1.69,0.26
5/18/2018,125.662933,5240.00 ,2329.00 ,1.69,0.26
5/21/2018,126.368935,5240.00 ,2329.00 ,1.69,0.26
5/22/2018,126.417328,5240.00 ,2329.00 ,1.69,0.26
5/23/2018,127.548912,5240.00 ,2329.00 ,1.69,0.26
5/24/2018,127.558533,5240.00 ,2329.00 ,1.69,0.26
5/25/2018,126.968597,5240.00 ,2329.00 ,1.69,0.26
5/29/2018,125.430786,5240.00 ,2329.00 ,1.69,0.26
5/30/2018,126.349586,5240.00 ,2329.00 ,1.69,0.26
5/31/2018,126.427002,5240.00 ,2329.00 ,1.69,0.26
6/1/2018,126.552696,5240.00 ,2329.00 ,1.69,0.26
6/4/2018,128.699799,5240.00 ,2329.00 ,1.69,0.26
6/5/2018,129.173752,5240.00 ,2329.00 ,1.69,0.26
6/6/2018,131.804382,5240.00 ,2329.00 ,1.69,0.26
6/7/2018,129.444504,5240.00 ,2329.00 ,1.69,0.26
6/8/2018,130.315002,5240.00 ,2329.00 ,1.69,0.26
6/11/2018,129.512207,5240.00 ,2329.00 ,1.69,0.26
6/12/2018,130.431015,5240.00 ,2329.00 ,1.69,0.26
6/13/2018,129.986145,5240.00 ,2329.00 ,1.69,0.26
6/14/2018,130.566406,5240.00 ,2329.00 ,1.69,0.26
6/15/2018,130.663132,5240.00 ,2329.00 ,1.69,0.26
6/18/2018,131.72702,5240.00 ,2329.00 ,1.69,0.26
6/19/2018,130.672852,5240.00 ,2329.00 ,1.69,0.26
6/20/2018,131.049988,5240.00 ,2329.00 ,1.69,0.26
6/21/2018,130.111816,5240.00 ,2329.00 ,1.69,0.26
6/22/2018,130.885605,5240.00 ,2329.00 ,1.69,0.26
6/25/2018,126.630074,5240.00 ,2329.00 ,1.69,0.26
6/26/2018,128.196869,5240.00 ,2329.00 ,1.69,0.26
6/27/2018,126.717148,5240.00 ,2329.00 ,1.69,0.26
6/28/2018,128.380661,5240.00 ,2329.00 ,1.69,0.26
6/29/2018,128.100189,5240.00 ,2329.00 ,1.69,0.26
7/2/2018,128.14856,5434.00 ,2845.00 ,1.61,0.26
7/3/2018,127.132988,5434.00 ,2845.00 ,1.61,0.26
7/5/2018,128.912552,5434.00 ,2845.00 ,1.61,0.26
7/6/2018,129.686295,5434.00 ,2845.00 ,1.61,0.26
7/9/2018,131.069336,5434.00 ,2845.00 ,1.61,0.26
7/10/2018,132.200912,5434.00 ,2845.00 ,1.61,0.26
7/11/2018,133.612976,5434.00 ,2845.00 ,1.61,0.26
7/12/2018,135.305481,5434.00 ,2845.00 ,1.61,0.26
7/13/2018,134.841248,5434.00 ,2845.00 ,1.61,0.26
7/16/2018,133.912796,5434.00 ,2845.00 ,1.61,0.26
7/17/2018,135.054047,5434.00 ,2845.00 ,1.61,0.26
7/18/2018,136.272629,5434.00 ,2845.00 ,1.61,0.26
7/19/2018,135.527924,5434.00 ,2845.00 ,1.61,0.26
7/20/2018,136.359695,5434.00 ,2845.00 ,1.61,0.26
7/23/2018,135.431229,5434.00 ,2845.00 ,1.61,0.26
7/24/2018,135.431229,5434.00 ,2845.00 ,1.61,0.26
7/25/2018,137.95549,5434.00 ,2845.00 ,1.61,0.26
7/26/2018,137.820084,5434.00 ,2845.00 ,1.61,0.26
7/27/2018,136.088898,5434.00 ,2845.00 ,1.61,0.26
7/30/2018,131.997818,5434.00 ,2845.00 ,1.61,0.26
7/31/2018,132.249283,5434.00 ,2845.00 ,1.61,0.26
8/1/2018,133.709702,5434.00 ,2845.00 ,1.61,0.26
8/2/2018,134.357697,5434.00 ,2845.00 ,1.61,0.26
8/3/2018,135.228134,5434.00 ,2845.00 ,1.61,0.26
8/6/2018,135.121689,5434.00 ,2845.00 ,1.61,0.26
8/7/2018,135.673035,5434.00 ,2845.00 ,1.61,0.26
8/8/2018,136.059891,5434.00 ,2845.00 ,1.61,0.26
8/9/2018,135.41188,5434.00 ,2845.00 ,1.61,0.26
8/10/2018,135.141052,5434.00 ,2845.00 ,1.61,0.26
8/13/2018,135.605316,5434.00 ,2845.00 ,1.61,0.26
8/14/2018,136.137238,5434.00 ,2845.00 ,1.61,0.26
8/15/2018,135.324844,5434.00 ,2845.00 ,1.61,0.26
8/16/2018,136.235306,5434.00 ,2845.00 ,1.61,0.26
8/17/2018,136.893967,5434.00 ,2845.00 ,1.61,0.26
8/20/2018,136.516266,5434.00 ,2845.00 ,1.61,0.26
8/21/2018,135.64447,5434.00 ,2845.00 ,1.61,0.26
8/22/2018,136.709961,5434.00 ,2845.00 ,1.61,0.26
8/23/2018,137.639801,5434.00 ,2845.00 ,1.61,0.26
8/24/2018,139.67392,5434.00 ,2845.00 ,1.61,0.26
8/27/2018,140.836243,5434.00 ,2845.00 ,1.61,0.26
8/28/2018,140.642456,5434.00 ,2845.00 ,1.61,0.26
8/29/2018,142.415039,5434.00 ,2845.00 ,1.61,0.26
8/30/2018,142.134155,5434.00 ,2845.00 ,1.61,0.26
8/31/2018,142.279465,5434.00 ,2845.00 ,1.61,0.26
9/4/2018,143.160889,5434.00 ,2845.00 ,1.61,0.26
9/5/2018,138.191925,5434.00 ,2845.00 ,1.61,0.26
9/6/2018,139.964478,5434.00 ,2845.00 ,1.61,0.26
9/7/2018,138.705292,5434.00 ,2845.00 ,1.61,0.26
9/10/2018,139.557678,5434.00 ,2845.00 ,1.61,0.26
9/11/2018,140.923416,5434.00 ,2845.00 ,1.61,0.26
9/12/2018,141.969559,5434.00 ,2845.00 ,1.61,0.26
9/13/2018,142.996216,5434.00 ,2845.00 ,1.61,0.26
9/14/2018,143.199646,5434.00 ,2845.00 ,1.61,0.26
9/17/2018,141.591751,5434.00 ,2845.00 ,1.61,0.26
9/18/2018,142.996216,5434.00 ,2845.00 ,1.61,0.26
9/19/2018,142.792816,5434.00 ,2845.00 ,1.61,0.26
9/20/2018,144.555695,5434.00 ,2845.00 ,1.61,0.26
9/21/2018,145.340302,5434.00 ,2845.00 ,1.61,0.26
9/24/2018,144.42981,5434.00 ,2845.00 ,1.61,0.26
9/25/2018,144.885071,5434.00 ,2845.00 ,1.61,0.26
9/26/2018,144.584793,5434.00 ,2845.00 ,1.61,0.26
9/27/2018,145.311249,5434.00 ,2845.00 ,1.61,0.26
9/28/2018,145.378998,5434.00 ,2845.00 ,1.61,0.26
10/1/2018,146.057022,5506.00 ,2977.00 ,1.5,0.26
10/2/2018,144.972229,5506.00 ,2977.00 ,1.5,0.26
10/3/2018,144.68161,5506.00 ,2977.00 ,1.5,0.26
10/4/2018,142.153549,5506.00 ,2977.00 ,1.5,0.26
10/5/2018,140.797501,5506.00 ,2977.00 ,1.5,0.26
10/8/2018,137.436417,5506.00 ,2977.00 ,1.5,0.26
10/9/2018,137.843216,5506.00 ,2977.00 ,1.5,0.26
10/10/2018,131.266357,5506.00 ,2977.00 ,1.5,0.26
10/11/2018,129.532516,5506.00 ,2977.00 ,1.5,0.26
10/12/2018,135.663834,5506.00 ,2977.00 ,1.5,0.26
10/15/2018,132.922653,5506.00 ,2977.00 ,1.5,0.26
10/16/2018,137.291153,5506.00 ,2977.00 ,1.5,0.26
10/17/2018,137.97879,5506.00 ,2977.00 ,1.5,0.26
10/18/2018,134.918045,5506.00 ,2977.00 ,1.5,0.26
10/19/2018,135.683212,5506.00 ,2977.00 ,1.5,0.26
10/22/2018,136.225647,5506.00 ,2977.00 ,1.5,0.26
10/23/2018,134.753311,5506.00 ,2977.00 ,1.5,0.26
10/24/2018,130.045883,5506.00 ,2977.00 ,1.5,0.26
10/25/2018,136.109421,5506.00 ,2977.00 ,1.5,0.26
10/26/2018,133.416687,5506.00 ,2977.00 ,1.5,0.26
10/29/2018,130.113678,5506.00 ,2977.00 ,1.5,0.26
10/30/2018,128.592987,5506.00 ,2977.00 ,1.5,0.26
10/31/2018,133.523239,5506.00 ,2977.00 ,1.5,0.26
11/1/2018,136.409683,5506.00 ,2977.00 ,1.5,0.26
11/2/2018,135.392639,5506.00 ,2977.00 ,1.5,0.26
11/5/2018,135.412018,5506.00 ,2977.00 ,1.5,0.26
11/6/2018,136.370926,5506.00 ,2977.00 ,1.5,0.26
11/7/2018,140.235703,5506.00 ,2977.00 ,1.5,0.26
11/8/2018,140.671585,5506.00 ,2977.00 ,1.5,0.26
11/9/2018,139.412369,5506.00 ,2977.00 ,1.5,0.26
11/12/2018,135.334518,5506.00 ,2977.00 ,1.5,0.26
11/13/2018,135.334518,5506.00 ,2977.00 ,1.5,0.26
11/14/2018,135.111694,5506.00 ,2977.00 ,1.5,0.26
11/15/2018,137.634674,5506.00 ,2977.00 ,1.5,0.26
11/16/2018,136.02388,5506.00 ,2977.00 ,1.5,0.26
11/19/2018,130.764557,5506.00 ,2977.00 ,1.5,0.26
11/20/2018,129.415756,5506.00 ,2977.00 ,1.5,0.26
11/21/2018,130.434662,5506.00 ,2977.00 ,1.5,0.26
11/23/2018,128.930603,5506.00 ,2977.00 ,1.5,0.26
11/26/2018,131.909622,5506.00 ,2977.00 ,1.5,0.26
11/27/2018,131.880493,5506.00 ,2977.00 ,1.5,0.26
11/28/2018,137.188293,5506.00 ,2977.00 ,1.5,0.26
11/29/2018,134.975861,5506.00 ,2977.00 ,1.5,0.26
11/30/2018,137.50853,5506.00 ,2977.00 ,1.5,0.26
12/3/2018,140.700974,5506.00 ,2977.00 ,1.5,0.26
12/4/2018,134.529541,5506.00 ,2977.00 ,1.5,0.26
12/6/2018,136.868088,5506.00 ,2977.00 ,1.5,0.26
12/7/2018,133.044891,5506.00 ,2977.00 ,1.5,0.26
12/10/2018,133.792068,5506.00 ,2977.00 ,1.5,0.26
12/11/2018,132.753784,5506.00 ,2977.00 ,1.5,0.26
12/12/2018,133.714432,5506.00 ,2977.00 ,1.5,0.26
12/13/2018,133.462128,5506.00 ,2977.00 ,1.5,0.26
12/14/2018,131.084778,5506.00 ,2977.00 ,1.5,0.26
12/17/2018,127.504173,5506.00 ,2977.00 ,1.5,0.26
12/18/2018,128.726822,5506.00 ,2977.00 ,1.5,0.26
12/19/2018,127.36834,5506.00 ,2977.00 ,1.5,0.26
12/20/2018,124.942459,5506.00 ,2977.00 ,1.5,0.26
12/21/2018,120.575874,5506.00 ,2977.00 ,1.5,0.26
12/24/2018,118.120895,5506.00 ,2977.00 ,1.5,0.26
12/26/2018,126.368843,5506.00 ,2977.00 ,1.5,0.26
12/27/2018,128.096069,5506.00 ,2977.00 ,1.5,0.26
12/28/2018,127.057831,5506.00 ,2977.00 ,1.5,0.26
12/31/2018,128.028183,5506.00 ,2977.00 ,1.5,0.26
1/2/2019,128.979126,5494.00 ,2977.00 ,1.63,0.27
1/3/2019,124.331131,5494.00 ,2977.00 ,1.63,0.27
1/4/2019,129.687454,5494.00 ,2977.00 ,1.63,0.27
1/7/2019,132.026001,5494.00 ,2977.00 ,1.63,0.27
1/8/2019,132.744095,5494.00 ,2977.00 ,1.63,0.27
1/9/2019,134.306335,5494.00 ,2977.00 ,1.63,0.27
1/10/2019,134.558655,5494.00 ,2977.00 ,1.63,0.27
1/11/2019,133.966721,5494.00 ,2977.00 ,1.63,0.27
1/14/2019,133.035172,5494.00 ,2977.00 ,1.63,0.27
1/15/2019,133.268066,5494.00 ,2977.00 ,1.63,0.27
1/16/2019,133.268066,5494.00 ,2977.00 ,1.63,0.27
1/17/2019,133.209839,5494.00 ,2977.00 ,1.63,0.27
1/18/2019,134.393677,5494.00 ,2977.00 ,1.63,0.27
1/22/2019,133.957016,5494.00 ,2977.00 ,1.63,0.27
1/23/2019,132.947861,5494.00 ,2977.00 ,1.63,0.27
1/24/2019,133.617401,5494.00 ,2977.00 ,1.63,0.27
1/25/2019,134.558655,5494.00 ,2977.00 ,1.63,0.27
1/28/2019,131.958115,5494.00 ,2977.00 ,1.63,0.27
1/29/2019,130.997437,5494.00 ,2977.00 ,1.63,0.27
1/30/2019,133.520386,5494.00 ,2977.00 ,1.63,0.27
1/31/2019,131.007126,5494.00 ,2977.00 ,1.63,0.27
2/1/2019,135.994751,5494.00 ,2977.00 ,1.63,0.27
2/4/2019,137.304764,5494.00 ,2977.00 ,1.63,0.27
2/5/2019,138.304214,5494.00 ,2977.00 ,1.63,0.27
2/6/2019,137.295074,5494.00 ,2977.00 ,1.63,0.27
2/7/2019,136.014175,5494.00 ,2977.00 ,1.63,0.27
2/8/2019,136.217926,5494.00 ,2977.00 ,1.63,0.27
2/11/2019,136.625519,5494.00 ,2977.00 ,1.63,0.27
2/12/2019,137.780212,5494.00 ,2977.00 ,1.63,0.27
2/13/2019,139.235748,5494.00 ,2977.00 ,1.63,0.27
2/14/2019,139.157974,5494.00 ,2977.00 ,1.63,0.27
2/15/2019,140.85907,5494.00 ,2977.00 ,1.63,0.27
2/19/2019,140.402176,5494.00 ,2977.00 ,1.63,0.27
2/20/2019,140.684067,5494.00 ,2977.00 ,1.63,0.27
2/21/2019,139.974518,5494.00 ,2977.00 ,1.63,0.27
2/22/2019,141.792221,5494.00 ,2977.00 ,1.63,0.27
2/25/2019,141.976883,5494.00 ,2977.00 ,1.63,0.27
2/26/2019,142.929489,5494.00 ,2977.00 ,1.63,0.27
2/27/2019,143.104492,5494.00 ,2977.00 ,1.63,0.27
2/28/2019,143.979279,5494.00 ,2977.00 ,1.63,0.27
3/1/2019,145.291565,5494.00 ,2977.00 ,1.63,0.27
3/4/2019,143.823807,5494.00 ,2977.00 ,1.63,0.27
3/5/2019,143.814072,5494.00 ,2977.00 ,1.63,0.27
3/6/2019,143.677979,5494.00 ,2977.00 ,1.63,0.27
3/7/2019,142.725388,5494.00 ,2977.00 ,1.63,0.27
3/8/2019,143.23085,5494.00 ,2977.00 ,1.63,0.27
3/11/2019,146.458023,5494.00 ,2977.00 ,1.63,0.27
3/12/2019,147.488388,5494.00 ,2977.00 ,1.63,0.27
3/13/2019,148.207718,5494.00 ,2977.00 ,1.63,0.27
3/14/2019,149.889343,5494.00 ,2977.00 ,1.63,0.27
3/15/2019,151.11412,5494.00 ,2977.00 ,1.63,0.27
3/18/2019,150.628128,5494.00 ,2977.00 ,1.63,0.27
3/19/2019,150.268417,5494.00 ,2977.00 ,1.63,0.27
3/20/2019,149.45192,5494.00 ,2977.00 ,1.63,0.27
3/21/2019,151.444611,5494.00 ,2977.00 ,1.63,0.27
3/22/2019,148.790924,5494.00 ,2977.00 ,1.63,0.27
3/25/2019,148.752029,5494.00 ,2977.00 ,1.63,0.27
3/26/2019,150.958588,5494.00 ,2977.00 ,1.63,0.27
3/27/2019,149.908783,5494.00 ,2977.00 ,1.63,0.27
3/28/2019,150.346191,5494.00 ,2977.00 ,1.63,0.27
3/29/2019,151.82373,5494.00 ,2977.00 ,1.63,0.27
4/1/2019,152.8638,5840.00 ,3101.00 ,1.69,0.29
4/2/2019,153.369263,5840.00 ,3101.00 ,1.69,0.29
4/3/2019,154.030258,5840.00 ,3101.00 ,1.69,0.29
4/4/2019,153.233185,5840.00 ,3101.00 ,1.69,0.29
4/5/2019,153.24292,5840.00 ,3101.00 ,1.69,0.29
4/8/2019,153.340088,5840.00 ,3101.00 ,1.69,0.29
4/9/2019,153.087372,5840.00 ,3101.00 ,1.69,0.29
4/10/2019,154.127472,5840.00 ,3101.00 ,1.69,0.29
4/11/2019,153.447021,5840.00 ,3101.00 ,1.69,0.29
4/12/2019,155.177307,5840.00 ,3101.00 ,1.69,0.29
4/15/2019,155.954926,5840.00 ,3101.00 ,1.69,0.29
4/16/2019,155.750748,5840.00 ,3101.00 ,1.69,0.29
4/17/2019,155.954926,5840.00 ,3101.00 ,1.69,0.29
4/18/2019,155.682709,5840.00 ,3101.00 ,1.69,0.29
4/22/2019,155.916016,5840.00 ,3101.00 ,1.69,0.29
4/23/2019,157.140793,5840.00 ,3101.00 ,1.69,0.29
4/24/2019,156.975571,5840.00 ,3101.00 ,1.69,0.29
4/25/2019,156.518723,5840.00 ,3101.00 ,1.69,0.29
4/26/2019,158.37529,5840.00 ,3101.00 ,1.69,0.29
4/29/2019,159.561188,5840.00 ,3101.00 ,1.69,0.29
4/30/2019,159.833359,5840.00 ,3101.00 ,1.69,0.29
5/1/2019,158.239227,5840.00 ,3101.00 ,1.69,0.29
5/2/2019,156.615875,5840.00 ,3101.00 ,1.69,0.29
5/3/2019,157.510178,5840.00 ,3101.00 ,1.69,0.29
5/6/2019,157.743469,5840.00 ,3101.00 ,1.69,0.29
5/7/2019,155.731323,5840.00 ,3101.00 ,1.69,0.29
5/8/2019,156.26593,5840.00 ,3101.00 ,1.69,0.29
5/9/2019,155.342514,5840.00 ,3101.00 ,1.69,0.29
5/10/2019,156.217407,5840.00 ,3101.00 ,1.69,0.29
5/13/2019,152.931885,5840.00 ,3101.00 ,1.69,0.29
5/14/2019,155.731323,5840.00 ,3101.00 ,1.69,0.29
5/15/2019,158.239227,5840.00 ,3101.00 ,1.69,0.29
5/16/2019,160.507568,5840.00 ,3101.00 ,1.69,0.29
5/17/2019,159.748215,5840.00 ,3101.00 ,1.69,0.29
5/20/2019,159.144577,5840.00 ,3101.00 ,1.69,0.29
5/21/2019,159.524277,5840.00 ,3101.00 ,1.69,0.29
5/22/2019,159.894211,5840.00 ,3101.00 ,1.69,0.29
5/23/2019,157.23645,5840.00 ,3101.00 ,1.69,0.29
5/24/2019,158.336578,5840.00 ,3101.00 ,1.69,0.29
5/28/2019,159.378265,5840.00 ,3101.00 ,1.69,0.29
5/29/2019,158.424194,5840.00 ,3101.00 ,1.69,0.29
5/30/2019,158.453384,5840.00 ,3101.00 ,1.69,0.29
5/31/2019,157.061203,5840.00 ,3101.00 ,1.69,0.29
6/3/2019,154.403473,5840.00 ,3101.00 ,1.69,0.29
6/4/2019,158.034775,5840.00 ,3101.00 ,1.69,0.29
6/5/2019,161.013824,5840.00 ,3101.00 ,1.69,0.29
6/6/2019,162.503326,5840.00 ,3101.00 ,1.69,0.29
6/7/2019,165.550476,5840.00 ,3101.00 ,1.69,0.29
6/10/2019,166.30011,5840.00 ,3101.00 ,1.69,0.29
6/11/2019,165.803635,5840.00 ,3101.00 ,1.69,0.29
6/12/2019,167.049774,5840.00 ,3101.00 ,1.69,0.29
6/13/2019,164.869049,5840.00 ,3101.00 ,1.69,0.29
6/14/2019,165.170837,5840.00 ,3101.00 ,1.69,0.29
6/17/2019,165.073456,5840.00 ,3101.00 ,1.69,0.29
6/18/2019,164.800903,5840.00 ,3101.00 ,1.69,0.29
6/19/2019,166.173569,5840.00 ,3101.00 ,1.69,0.29
6/20/2019,169.142883,5840.00 ,3101.00 ,1.69,0.29
6/21/2019,168.850815,5840.00 ,3101.00 ,1.69,0.29
6/24/2019,169.249954,5840.00 ,3101.00 ,1.69,0.29
6/25/2019,166.74791,5840.00 ,3101.00 ,1.69,0.29
6/26/2019,166.533798,5840.00 ,3101.00 ,1.69,0.29
6/27/2019,166.699295,5840.00 ,3101.00 ,1.69,0.29
6/28/2019,168.957901,5840.00 ,3101.00 ,1.69,0.29
7/1/2019,169.337585,6137.00 ,3025.00 ,1.56,0.29
7/2/2019,170.642136,6137.00 ,3025.00 ,1.56,0.29
7/3/2019,172.190033,6137.00 ,3025.00 ,1.56,0.29
7/5/2019,171.985626,6137.00 ,3025.00 ,1.56,0.29
7/8/2019,171.528046,6137.00 ,3025.00 ,1.56,0.29
7/9/2019,173.027283,6137.00 ,3025.00 ,1.56,0.29
7/10/2019,174.565491,6137.00 ,3025.00 ,1.56,0.29
7/11/2019,175.957657,6137.00 ,3025.00 ,1.56,0.29
7/12/2019,175.558517,6137.00 ,3025.00 ,1.56,0.29
7/15/2019,175.79216,6137.00 ,3025.00 ,1.56,0.29
7/16/2019,174.565491,6137.00 ,3025.00 ,1.56,0.29
7/17/2019,174.409714,6137.00 ,3025.00 ,1.56,0.29
7/18/2019,175.753189,6137.00 ,3025.00 ,1.56,0.29
7/19/2019,174.497375,6137.00 ,3025.00 ,1.56,0.29
7/22/2019,175.79216,6137.00 ,3025.00 ,1.56,0.29
7/23/2019,176.113419,6137.00 ,3025.00 ,1.56,0.29
7/24/2019,178.479156,6137.00 ,3025.00 ,1.56,0.29
7/25/2019,176.785172,6137.00 ,3025.00 ,1.56,0.29
7/26/2019,178.82962,6137.00 ,3025.00 ,1.56,0.29
7/29/2019,178.362305,6137.00 ,3025.00 ,1.56,0.29
7/30/2019,176.726746,6137.00 ,3025.00 ,1.56,0.29
7/31/2019,173.290176,6137.00 ,3025.00 ,1.56,0.29
8/1/2019,174.429199,6137.00 ,3025.00 ,1.56,0.29
8/2/2019,172.72551,6137.00 ,3025.00 ,1.56,0.29
8/5/2019,164.391983,6137.00 ,3025.00 ,1.56,0.29
8/6/2019,167.916199,6137.00 ,3025.00 ,1.56,0.29
8/7/2019,170.681076,6137.00 ,3025.00 ,1.56,0.29
8/8/2019,175.139893,6137.00 ,3025.00 ,1.56,0.29
8/9/2019,174.312393,6137.00 ,3025.00 ,1.56,0.29
8/12/2019,171.674057,6137.00 ,3025.00 ,1.56,0.29
8/13/2019,173.883987,6137.00 ,3025.00 ,1.56,0.29
8/14/2019,168.918976,6137.00 ,3025.00 ,1.56,0.29
8/15/2019,171.853531,6137.00 ,3025.00 ,1.56,0.29
8/16/2019,173.764404,6137.00 ,3025.00 ,1.56,0.29
8/19/2019,175.236603,6137.00 ,3025.00 ,1.56,0.29
8/20/2019,174.749161,6137.00 ,3025.00 ,1.56,0.29
8/21/2019,176.406555,6137.00 ,3025.00 ,1.56,0.29
8/22/2019,175.57782,6137.00 ,3025.00 ,1.56,0.29
8/23/2019,170.839584,6137.00 ,3025.00 ,1.56,0.29
8/26/2019,173.140442,6137.00 ,3025.00 ,1.56,0.29
8/27/2019,173.91069,6137.00 ,3025.00 ,1.56,0.29
8/28/2019,174.19342,6137.00 ,3025.00 ,1.56,0.29
8/29/2019,176.630753,6137.00 ,3025.00 ,1.56,0.29
8/30/2019,176.289536,6137.00 ,3025.00 ,1.56,0.29
9/3/2019,174.710114,6137.00 ,3025.00 ,1.56,0.29
9/4/2019,177.215744,6137.00 ,3025.00 ,1.56,0.29
9/5/2019,180.101517,6137.00 ,3025.00 ,1.56,0.29
9/6/2019,181.086304,6137.00 ,3025.00 ,1.56,0.29
9/9/2019,177.001236,6137.00 ,3025.00 ,1.56,0.29
9/10/2019,171.93158,6137.00 ,3025.00 ,1.56,0.29
9/11/2019,170.59584,6137.00 ,3025.00 ,1.56,0.29
9/12/2019,173.520706,6137.00 ,3025.00 ,1.56,0.29
9/13/2019,172.828476,6137.00 ,3025.00 ,1.56,0.29
9/16/2019,171.697571,6137.00 ,3025.00 ,1.56,0.29
9/17/2019,172.029022,6137.00 ,3025.00 ,1.56,0.29
9/18/2019,170.898102,6137.00 ,3025.00 ,1.56,0.29
9/19/2019,171.5513,6137.00 ,3025.00 ,1.56,0.29
9/20/2019,169.698929,6137.00 ,3025.00 ,1.56,0.29
9/23/2019,170.527618,6137.00 ,3025.00 ,1.56,0.29
9/24/2019,170.108398,6137.00 ,3025.00 ,1.56,0.29
9/25/2019,170.888336,6137.00 ,3025.00 ,1.56,0.29
9/26/2019,171.249054,6137.00 ,3025.00 ,1.56,0.29
9/27/2019,169.640411,6137.00 ,3025.00 ,1.56,0.29
9/30/2019,167.700241,6137.00 ,3025.00 ,1.56,0.29
10/1/2019,169.923141,6054.00 ,3272.00 ,1.27,0.3
10/2/2019,165.57489,6054.00 ,3272.00 ,1.27,0.3
10/3/2019,168.538727,6054.00 ,3272.00 ,1.27,0.3
10/4/2019,171.570801,6054.00 ,3272.00 ,1.27,0.3
10/7/2019,170.517883,6054.00 ,3272.00 ,1.27,0.3
10/8/2019,168.099991,6054.00 ,3272.00 ,1.27,0.3
10/9/2019,170.498367,6054.00 ,3272.00 ,1.27,0.3
10/10/2019,170.498367,6054.00 ,3272.00 ,1.27,0.3
10/11/2019,172.623764,6054.00 ,3272.00 ,1.27,0.3
10/14/2019,172.916214,6054.00 ,3272.00 ,1.27,0.3
10/15/2019,174.271393,6054.00 ,3272.00 ,1.27,0.3
10/16/2019,173.413452,6054.00 ,3272.00 ,1.27,0.3
10/17/2019,173.48172,6054.00 ,3272.00 ,1.27,0.3
10/18/2019,171.307617,6054.00 ,3272.00 ,1.27,0.3
10/21/2019,172.009521,6054.00 ,3272.00 ,1.27,0.3
10/22/2019,166.579086,6054.00 ,3272.00 ,1.27,0.3
10/23/2019,167.027542,6054.00 ,3272.00 ,1.27,0.3
10/24/2019,171.746292,6054.00 ,3272.00 ,1.27,0.3
10/25/2019,173.393982,6054.00 ,3272.00 ,1.27,0.3
10/28/2019,175.334091,6054.00 ,3272.00 ,1.27,0.3
10/29/2019,173.179474,6054.00 ,3272.00 ,1.27,0.3
10/30/2019,174.758881,6054.00 ,3272.00 ,1.27,0.3
10/31/2019,174.378632,6054.00 ,3272.00 ,1.27,0.3
11/1/2019,176.396805,6054.00 ,3272.00 ,1.27,0.3
11/4/2019,174.466385,6054.00 ,3272.00 ,1.27,0.3
11/5/2019,171.95105,6054.00 ,3272.00 ,1.27,0.3
11/6/2019,172.341003,6054.00 ,3272.00 ,1.27,0.3
11/7/2019,173.959427,6054.00 ,3272.00 ,1.27,0.3
11/8/2019,174.485886,6054.00 ,3272.00 ,1.27,0.3
11/11/2019,175.041595,6054.00 ,3272.00 ,1.27,0.3
11/12/2019,175.236603,6054.00 ,3272.00 ,1.27,0.3
11/13/2019,174.914871,6054.00 ,3272.00 ,1.27,0.3
11/14/2019,175.539856,6054.00 ,3272.00 ,1.27,0.3
11/15/2019,175.559448,6054.00 ,3272.00 ,1.27,0.3
11/18/2019,175.451981,6054.00 ,3272.00 ,1.27,0.3
11/19/2019,178.489136,6054.00 ,3272.00 ,1.27,0.3
11/20/2019,177.405151,6054.00 ,3272.00 ,1.27,0.3
11/21/2019,175.676575,6054.00 ,3272.00 ,1.27,0.3
11/22/2019,175.266434,6054.00 ,3272.00 ,1.27,0.3
11/25/2019,176.731293,6054.00 ,3272.00 ,1.27,0.3
11/26/2019,178.274307,6054.00 ,3272.00 ,1.27,0.3
11/27/2019,180.051651,6054.00 ,3272.00 ,1.27,0.3
11/29/2019,180.18837,6054.00 ,3272.00 ,1.27,0.3
12/2/2019,177.532104,6054.00 ,3272.00 ,1.27,0.3
12/3/2019,177.639496,6054.00 ,3272.00 ,1.27,0.3
12/4/2019,176.369949,6054.00 ,3272.00 ,1.27,0.3
12/5/2019,177.62973,6054.00 ,3272.00 ,1.27,0.3
12/6/2019,177.903183,6054.00 ,3272.00 ,1.27,0.3
12/9/2019,178.63562,6054.00 ,3272.00 ,1.27,0.3
12/10/2019,177.991074,6054.00 ,3272.00 ,1.27,0.3
12/11/2019,177.746948,6054.00 ,3272.00 ,1.27,0.3
12/12/2019,178.362183,6054.00 ,3272.00 ,1.27,0.3
12/13/2019,180.803619,6054.00 ,3272.00 ,1.27,0.3
12/16/2019,181.877899,6054.00 ,3272.00 ,1.27,0.3
12/17/2019,181.174759,6054.00 ,3272.00 ,1.27,0.3
12/18/2019,180.56926,6054.00 ,3272.00 ,1.27,0.3
12/19/2019,182.170792,6054.00 ,3272.00 ,1.27,0.3
12/20/2019,183.596634,6054.00 ,3272.00 ,1.27,0.3
12/23/2019,182.698181,6054.00 ,3272.00 ,1.27,0.3
12/24/2019,183.176697,6054.00 ,3272.00 ,1.27,0.3
12/26/2019,184.729477,6054.00 ,3272.00 ,1.27,0.3
12/27/2019,184.954086,6054.00 ,3272.00 ,1.27,0.3
12/30/2019,183.430634,6054.00 ,3272.00 ,1.27,0.3
12/31/2019,183.498962,6054.00 ,3272.00 ,1.27,0.3
1/2/2020,186.643555,5854.00 ,3084.00 ,1.25,0.31
1/3/2020,185.159164,5854.00 ,3084.00 ,1.25,0.31
1/6/2020,184.758774,5854.00 ,3084.00 ,1.25,0.31
1/7/2020,184.270493,5854.00 ,3084.00 ,1.25,0.31
1/8/2020,187.424805,5854.00 ,3084.00 ,1.25,0.31
1/9/2020,188.723679,5854.00 ,3084.00 ,1.25,0.31
1/10/2020,189.231461,5854.00 ,3084.00 ,1.25,0.31
1/13/2020,190.754959,5854.00 ,3084.00 ,1.25,0.31
1/14/2020,191.458115,5854.00 ,3084.00 ,1.25,0.31
1/15/2020,195.120239,5854.00 ,3084.00 ,1.25,0.31
1/16/2020,196.243286,5854.00 ,3084.00 ,1.25,0.31
1/17/2020,199.905502,5854.00 ,3084.00 ,1.25,0.31
1/21/2020,202.434814,5854.00 ,3084.00 ,1.25,0.31
1/22/2020,203.030533,5854.00 ,3084.00 ,1.25,0.31
1/23/2020,201.682861,5854.00 ,3084.00 ,1.25,0.31
1/24/2020,200.198471,5854.00 ,3084.00 ,1.25,0.31
1/27/2020,196.965988,5854.00 ,3084.00 ,1.25,0.31
1/28/2020,198.098831,5854.00 ,3084.00 ,1.25,0.31
1/29/2020,200.061768,5854.00 ,3084.00 ,1.25,0.31
1/30/2020,203.333282,5854.00 ,3084.00 ,1.25,0.31
1/31/2020,194.309723,5854.00 ,3084.00 ,1.25,0.31
2/3/2020,196.106613,5854.00 ,3084.00 ,1.25,0.31
2/4/2020,198.792191,5854.00 ,3084.00 ,1.25,0.31
2/5/2020,198.059753,5854.00 ,3084.00 ,1.25,0.31
2/6/2020,198.284363,5854.00 ,3084.00 ,1.25,0.31
2/7/2020,197.991409,5854.00 ,3084.00 ,1.25,0.31
2/10/2020,201.165268,5854.00 ,3084.00 ,1.25,0.31
2/11/2020,199.1633,5854.00 ,3084.00 ,1.25,0.31
2/12/2020,202.581314,5854.00 ,3084.00 ,1.25,0.31
2/13/2020,202.835587,5854.00 ,3084.00 ,1.25,0.31
2/14/2020,205.661972,5854.00 ,3084.00 ,1.25,0.31
2/18/2020,206.551941,5854.00 ,3084.00 ,1.25,0.31
2/19/2020,208.615494,5854.00 ,3084.00 ,1.25,0.31
2/20/2020,206.796478,5854.00 ,3084.00 ,1.25,0.31
2/21/2020,204.214569,5854.00 ,3084.00 ,1.25,0.31
2/24/2020,194.415054,5854.00 ,3084.00 ,1.25,0.31
2/25/2020,184.253738,5854.00 ,3084.00 ,1.25,0.31
2/26/2020,183.08992,5854.00 ,3084.00 ,1.25,0.31
2/27/2020,176.048355,5854.00 ,3084.00 ,1.25,0.31
2/28/2020,177.759857,5854.00 ,3084.00 ,1.25,0.31
3/2/2020,188.097229,5854.00 ,3084.00 ,1.25,0.31
3/3/2020,181.642487,5854.00 ,3084.00 ,1.25,0.31
3/4/2020,190.014114,5854.00 ,3084.00 ,1.25,0.31
3/5/2020,182.845444,5854.00 ,3084.00 ,1.25,0.31
3/6/2020,180.302658,5854.00 ,3084.00 ,1.25,0.31
3/9/2020,167.363815,5854.00 ,3084.00 ,1.25,0.31
3/10/2020,178.58136,5854.00 ,3084.00 ,1.25,0.31
3/11/2020,169.143768,5854.00 ,3084.00 ,1.25,0.31
3/12/2020,156.557022,5854.00 ,3084.00 ,1.25,0.31
3/13/2020,171.960388,5854.00 ,3084.00 ,1.25,0.31
3/16/2020,148.664612,5854.00 ,3084.00 ,1.25,0.31
3/17/2020,154.415176,5854.00 ,3084.00 ,1.25,0.31
3/18/2020,145.21228,5854.00 ,3084.00 ,1.25,0.31
3/19/2020,148.899353,5854.00 ,3084.00 ,1.25,0.31
3/20/2020,143.598618,5854.00 ,3084.00 ,1.25,0.31
3/23/2020,132.75267,5854.00 ,3084.00 ,1.25,0.31
3/24/2020,151.129135,5854.00 ,3084.00 ,1.25,0.31
3/25/2020,158.219559,5854.00 ,3084.00 ,1.25,0.31
3/26/2020,165.163315,5854.00 ,3084.00 ,1.25,0.31
3/27/2020,158.00444,5854.00 ,3084.00 ,1.25,0.31
3/30/2020,161.926193,5854.00 ,3084.00 ,1.25,0.31
3/31/2020,157.574097,5854.00 ,3084.00 ,1.25,0.31
4/1/2020,149.740417,4837.00 ,2373.00 ,1.55,0.29
4/2/2020,153.926224,4837.00 ,2373.00 ,1.55,0.29
4/3/2020,148.508133,4837.00 ,2373.00 ,1.55,0.29
4/6/2020,165.710999,4837.00 ,2373.00 ,1.55,0.29
4/7/2020,164.879715,4837.00 ,2373.00 ,1.55,0.29
4/8/2020,171.089966,4837.00 ,2373.00 ,1.55,0.29
4/9/2020,169.867477,4837.00 ,2373.00 ,1.55,0.29
4/13/2020,165.27092,4837.00 ,2373.00 ,1.55,0.29
4/14/2020,170.776993,4837.00 ,2373.00 ,1.55,0.29
4/15/2020,162.307571,4837.00 ,2373.00 ,1.55,0.29
4/16/2020,158.845505,4837.00 ,2373.00 ,1.55,0.29
4/17/2020,165.808792,4837.00 ,2373.00 ,1.55,0.29
4/20/2020,160.605881,4837.00 ,2373.00 ,1.55,0.29
4/21/2020,156.997086,4837.00 ,2373.00 ,1.55,0.29
4/22/2020,162.923737,4837.00 ,2373.00 ,1.55,0.29
4/23/2020,162.718353,4837.00 ,2373.00 ,1.55,0.29
4/24/2020,163.63765,4837.00 ,2373.00 ,1.55,0.29
4/27/2020,167.979919,4837.00 ,2373.00 ,1.55,0.29
4/28/2020,167.481155,4837.00 ,2373.00 ,1.55,0.29
4/29/2020,177.7892,4837.00 ,2373.00 ,1.55,0.29
4/30/2020,174.786758,4837.00 ,2373.00 ,1.55,0.29
5/1/2020,171.7061,4837.00 ,2373.00 ,1.55,0.29
5/4/2020,172.273331,4837.00 ,2373.00 ,1.55,0.29
5/5/2020,174.512955,4837.00 ,2373.00 ,1.55,0.29
5/6/2020,174.845459,4837.00 ,2373.00 ,1.55,0.29
5/7/2020,178.698746,4837.00 ,2373.00 ,1.55,0.29
5/8/2020,181.016586,4837.00 ,2373.00 ,1.55,0.29
5/11/2020,179.520248,4837.00 ,2373.00 ,1.55,0.29
5/12/2020,175.520264,4837.00 ,2373.00 ,1.55,0.29
5/13/2020,173.48262,4837.00 ,2373.00 ,1.55,0.29
5/14/2020,177.215012,4837.00 ,2373.00 ,1.55,0.29
5/15/2020,179.752258,4837.00 ,2373.00 ,1.55,0.29
5/18/2020,187.481537,4837.00 ,2373.00 ,1.55,0.29
5/19/2020,185.50267,4837.00 ,2373.00 ,1.55,0.29
5/20/2020,189.911041,4837.00 ,2373.00 ,1.55,0.29
5/21/2020,186.73703,4837.00 ,2373.00 ,1.55,0.29
5/22/2020,186.972153,4837.00 ,2373.00 ,1.55,0.29
5/26/2020,189.284073,4837.00 ,2373.00 ,1.55,0.29
5/27/2020,188.892212,4837.00 ,2373.00 ,1.55,0.29
5/28/2020,190.302887,4837.00 ,2373.00 ,1.55,0.29
5/29/2020,191.262924,4837.00 ,2373.00 ,1.55,0.29
6/1/2020,190.391052,4837.00 ,2373.00 ,1.55,0.29
6/2/2020,192.360107,4837.00 ,2373.00 ,1.55,0.29
6/3/2020,192.859711,4837.00 ,2373.00 ,1.55,0.29
6/4/2020,189.695511,4837.00 ,2373.00 ,1.55,0.29
6/5/2020,195.543915,4837.00 ,2373.00 ,1.55,0.29
6/8/2020,195.534088,4837.00 ,2373.00 ,1.55,0.29
6/9/2020,195.024689,4837.00 ,2373.00 ,1.55,0.29
6/10/2020,196.396194,4837.00 ,2373.00 ,1.55,0.29
6/11/2020,185.032471,4837.00 ,2373.00 ,1.55,0.29
6/12/2020,188.343613,4837.00 ,2373.00 ,1.55,0.29
6/15/2020,187.853806,4837.00 ,2373.00 ,1.55,0.29
6/16/2020,188.950974,4837.00 ,2373.00 ,1.55,0.29
6/17/2020,189.617157,4837.00 ,2373.00 ,1.55,0.29
6/18/2020,189.960022,4837.00 ,2373.00 ,1.55,0.29
6/19/2020,188.284836,4837.00 ,2373.00 ,1.55,0.29
6/22/2020,190.988602,4837.00 ,2373.00 ,1.55,0.29
6/23/2020,193.937302,4837.00 ,2373.00 ,1.55,0.29
6/24/2020,187.510956,4837.00 ,2373.00 ,1.55,0.29
6/25/2020,190.02858,4837.00 ,2373.00 ,1.55,0.29
6/26/2020,185.414551,4837.00 ,2373.00 ,1.55,0.29
6/29/2020,187.481537,4837.00 ,2373.00 ,1.55,0.29
6/30/2020,189.235077,4837.00 ,2373.00 ,1.55,0.29
7/1/2020,189.832687,5101.00 ,2137.00 ,1.91,0.27
7/2/2020,191.684189,5101.00 ,2137.00 ,1.91,0.27
7/6/2020,193.731583,5101.00 ,2137.00 ,1.91,0.27
7/7/2020,190.24411,5101.00 ,2137.00 ,1.91,0.27
7/8/2020,191.09639,5101.00 ,2137.00 ,1.91,0.27
7/9/2020,188.294632,5101.00 ,2137.00 ,1.91,0.27
7/10/2020,188.627716,5101.00 ,2137.00 ,1.91,0.27
7/13/2020,185.169617,5101.00 ,2137.00 ,1.91,0.27
7/14/2020,189.391846,5101.00 ,2137.00 ,1.91,0.27
7/15/2020,192.546219,5101.00 ,2137.00 ,1.91,0.27
7/16/2020,189.55835,5101.00 ,2137.00 ,1.91,0.27
7/17/2020,191.115952,5101.00 ,2137.00 ,1.91,0.27
7/20/2020,194.427139,5101.00 ,2137.00 ,1.91,0.27
7/21/2020,192.477661,5101.00 ,2137.00 ,1.91,0.27
7/22/2020,194.809158,5101.00 ,2137.00 ,1.91,0.27
7/23/2020,193.408295,5101.00 ,2137.00 ,1.91,0.27
7/24/2020,191.174728,5101.00 ,2137.00 ,1.91,0.27
7/27/2020,192.898895,5101.00 ,2137.00 ,1.91,0.27
7/28/2020,192.732376,5101.00 ,2137.00 ,1.91,0.27
7/29/2020,194.534897,5101.00 ,2137.00 ,1.91,0.27
7/30/2020,190.106979,5101.00 ,2137.00 ,1.91,0.27
7/31/2020,186.521515,5101.00 ,2137.00 ,1.91,0.27
8/3/2020,186.805634,5101.00 ,2137.00 ,1.91,0.27
8/4/2020,188.373016,5101.00 ,2137.00 ,1.91,0.27
8/5/2020,192.105377,5101.00 ,2137.00 ,1.91,0.27
8/6/2020,194.721008,5101.00 ,2137.00 ,1.91,0.27
8/7/2020,192.360107,5101.00 ,2137.00 ,1.91,0.27
8/10/2020,192.781342,5101.00 ,2137.00 ,1.91,0.27
8/11/2020,193.741409,5101.00 ,2137.00 ,1.91,0.27
8/12/2020,194.691635,5101.00 ,2137.00 ,1.91,0.27
8/13/2020,193.84787,5101.00 ,2137.00 ,1.91,0.27
8/14/2020,192.925644,5101.00 ,2137.00 ,1.91,0.27
8/17/2020,195.662888,5101.00 ,2137.00 ,1.91,0.27
8/18/2020,195.250854,5101.00 ,2137.00 ,1.91,0.27
8/19/2020,197.193466,5101.00 ,2137.00 ,1.91,0.27
8/20/2020,200.293762,5101.00 ,2137.00 ,1.91,0.27
8/21/2020,200.27417,5101.00 ,2137.00 ,1.91,0.27
8/24/2020,202.511078,5101.00 ,2137.00 ,1.91,0.27
8/25/2020,204.169128,5101.00 ,2137.00 ,1.91,0.27
8/26/2020,206.288345,5101.00 ,2137.00 ,1.91,0.27
8/27/2020,207.043808,5101.00 ,2137.00 ,1.91,0.27
8/28/2020,211.635437,5101.00 ,2137.00 ,1.91,0.27
8/31/2020,207.985672,5101.00 ,2137.00 ,1.91,0.27
9/1/2020,209.319992,5101.00 ,2137.00 ,1.91,0.27
9/2/2020,212.390854,5101.00 ,2137.00 ,1.91,0.27
9/3/2020,205.012909,5101.00 ,2137.00 ,1.91,0.27
9/4/2020,200.794128,5101.00 ,2137.00 ,1.91,0.27
9/8/2020,196.339905,5101.00 ,2137.00 ,1.91,0.27
9/9/2020,200.20546,5101.00 ,2137.00 ,1.91,0.27
9/10/2020,197.733063,5101.00 ,2137.00 ,1.91,0.27
9/11/2020,196.889282,5101.00 ,2137.00 ,1.91,0.27
9/14/2020,201.108063,5101.00 ,2137.00 ,1.91,0.27
9/15/2020,201.510345,5101.00 ,2137.00 ,1.91,0.27
9/16/2020,201.255249,5101.00 ,2137.00 ,1.91,0.27
9/17/2020,201.392593,5101.00 ,2137.00 ,1.91,0.27
9/18/2020,198.782867,5101.00 ,2137.00 ,1.91,0.27
9/21/2020,193.720306,5101.00 ,2137.00 ,1.91,0.27
9/22/2020,196.771561,5101.00 ,2137.00 ,1.91,0.27
9/23/2020,191.679596,5101.00 ,2137.00 ,1.91,0.27
9/24/2020,191.826782,5101.00 ,2137.00 ,1.91,0.27
9/25/2020,193.524109,5101.00 ,2137.00 ,1.91,0.27
9/28/2020,196.536118,5101.00 ,2137.00 ,1.91,0.27
9/29/2020,195.672745,5101.00 ,2137.00 ,1.91,0.27
9/30/2020,196.192749,5101.00 ,2137.00 ,1.91,0.27
10/1/2020,199.508896,5687.00 ,3126.00 ,2.12,0.26
10/2/2020,197.654572,5687.00 ,3126.00 ,2.12,0.26
10/5/2020,199.695267,5687.00 ,3126.00 ,2.12,0.26
10/6/2020,196.663666,5687.00 ,3126.00 ,2.12,0.26
10/7/2020,198.645493,5687.00 ,3126.00 ,2.12,0.26
10/8/2020,199.145859,5687.00 ,3126.00 ,2.12,0.26
10/9/2020,202.73674,5687.00 ,3126.00 ,2.12,0.26
10/12/2020,202.501251,5687.00 ,3126.00 ,2.12,0.26
10/13/2020,200.460556,5687.00 ,3126.00 ,2.12,0.26
10/14/2020,198.3806,5687.00 ,3126.00 ,2.12,0.26
10/15/2020,195.78067,5687.00 ,3126.00 ,2.12,0.26
10/16/2020,196.477249,5687.00 ,3126.00 ,2.12,0.26
10/19/2020,193.249374,5687.00 ,3126.00 ,2.12,0.26
10/20/2020,193.965622,5687.00 ,3126.00 ,2.12,0.26
10/21/2020,194.681793,5687.00 ,3126.00 ,2.12,0.26
10/22/2020,194.250122,5687.00 ,3126.00 ,2.12,0.26
10/23/2020,194.26976,5687.00 ,3126.00 ,2.12,0.26
10/26/2020,189.423065,5687.00 ,3126.00 ,2.12,0.26
10/27/2020,186.469925,5687.00 ,3126.00 ,2.12,0.26
10/28/2020,177.453506,5687.00 ,3126.00 ,2.12,0.26
10/29/2020,181.37793,5687.00 ,3126.00 ,2.12,0.26
10/30/2020,178.277634,5687.00 ,3126.00 ,2.12,0.26
11/2/2020,181.250412,5687.00 ,3126.00 ,2.12,0.26
11/3/2020,184.78241,5687.00 ,3126.00 ,2.12,0.26
11/4/2020,190.306061,5687.00 ,3126.00 ,2.12,0.26
11/5/2020,193.906738,5687.00 ,3126.00 ,2.12,0.26
11/6/2020,194.721069,5687.00 ,3126.00 ,2.12,0.26
11/9/2020,208.662643,5687.00 ,3126.00 ,2.12,0.26
11/10/2020,209.280731,5687.00 ,3126.00 ,2.12,0.26
11/11/2020,208.682266,5687.00 ,3126.00 ,2.12,0.26
11/12/2020,204.633987,5687.00 ,3126.00 ,2.12,0.26
11/13/2020,206.815353,5687.00 ,3126.00 ,2.12,0.26
11/16/2020,208.996704,5687.00 ,3126.00 ,2.12,0.26
11/17/2020,207.041351,5687.00 ,3126.00 ,2.12,0.26
11/18/2020,204.211472,5687.00 ,3126.00 ,2.12,0.26
11/19/2020,203.956009,5687.00 ,3126.00 ,2.12,0.26
11/20/2020,200.330276,5687.00 ,3126.00 ,2.12,0.26
11/23/2020,204.535751,5687.00 ,3126.00 ,2.12,0.26
11/24/2020,206.029282,5687.00 ,3126.00 ,2.12,0.26
11/25/2020,207.218216,5687.00 ,3126.00 ,2.12,0.26
11/27/2020,207.326279,5687.00 ,3126.00 ,2.12,0.26
11/30/2020,206.687622,5687.00 ,3126.00 ,2.12,0.26
12/1/2020,207.522797,5687.00 ,3126.00 ,2.12,0.26
12/2/2020,206.520538,5687.00 ,3126.00 ,2.12,0.26
12/3/2020,204.427643,5687.00 ,3126.00 ,2.12,0.26
12/4/2020,208.977051,5687.00 ,3126.00 ,2.12,0.26
12/7/2020,208.947556,5687.00 ,3126.00 ,2.12,0.26
12/8/2020,209.065491,5687.00 ,3126.00 ,2.12,0.26
12/9/2020,205.931,5687.00 ,3126.00 ,2.12,0.26
12/10/2020,203.9953,5687.00 ,3126.00 ,2.12,0.26
12/11/2020,202.649185,5687.00 ,3126.00 ,2.12,0.26
12/14/2020,203.641571,5687.00 ,3126.00 ,2.12,0.26
12/15/2020,204.732254,5687.00 ,3126.00 ,2.12,0.26
12/16/2020,204.643829,5687.00 ,3126.00 ,2.12,0.26
12/17/2020,207.503128,5687.00 ,3126.00 ,2.12,0.26
12/18/2020,207.63089,5687.00 ,3126.00 ,2.12,0.26
12/21/2020,205.370926,5687.00 ,3126.00 ,2.12,0.26
12/22/2020,202.256149,5687.00 ,3126.00 ,2.12,0.26
12/23/2020,201.72551,5687.00 ,3126.00 ,2.12,0.26
12/24/2020,205.066345,5687.00 ,3126.00 ,2.12,0.26
12/28/2020,208.927917,5687.00 ,3126.00 ,2.12,0.26
12/29/2020,210.637604,5687.00 ,3126.00 ,2.12,0.26
12/30/2020,214.558136,5687.00 ,3126.00 ,2.12,0.26
12/31/2020,214.921722,5687.00 ,3126.00 ,2.12,0.26
1/4/2021,213.968582,5729.00 ,3026.00 ,2.12,0.24
1/5/2021,210.775177,5729.00 ,3026.00 ,2.12,0.24
1/6/2021,208.918076,5729.00 ,3026.00 ,2.12,0.24
1/7/2021,210.087341,5729.00 ,3026.00 ,2.12,0.24
1/8/2021,211.698807,5729.00 ,3026.00 ,2.12,0.24
1/11/2021,209.183395,5729.00 ,3026.00 ,2.12,0.24
1/12/2021,205.223541,5729.00 ,3026.00 ,2.12,0.24
1/13/2021,205.705017,5729.00 ,3026.00 ,2.12,0.24
1/14/2021,198.345428,5729.00 ,3026.00 ,2.12,0.24
1/15/2021,198.080109,5729.00 ,3026.00 ,2.12,0.24
1/19/2021,198.148926,5729.00 ,3026.00 ,2.12,0.24
1/20/2021,202.423187,5729.00 ,3026.00 ,2.12,0.24
1/21/2021,201.568314,5729.00 ,3026.00 ,2.12,0.24
1/22/2021,198.502655,5729.00 ,3026.00 ,2.12,0.24
1/25/2021,197.480759,5729.00 ,3026.00 ,2.12,0.24
1/26/2021,198.492828,5729.00 ,3026.00 ,2.12,0.24
1/27/2021,191.575409,5729.00 ,3026.00 ,2.12,0.24
1/28/2021,194.768799,5729.00 ,3026.00 ,2.12,0.24
1/29/2021,189.88533,5729.00 ,3026.00 ,2.12,0.24
2/1/2021,194.906387,5729.00 ,3026.00 ,2.12,0.24
2/2/2021,199.082382,5729.00 ,3026.00 ,2.12,0.24
2/3/2021,197.854156,5729.00 ,3026.00 ,2.12,0.24
2/4/2021,205.60675,5729.00 ,3026.00 ,2.12,0.24
2/5/2021,205.135101,5729.00 ,3026.00 ,2.12,0.24
2/8/2021,203.287857,5729.00 ,3026.00 ,2.12,0.24
2/9/2021,202.924286,5729.00 ,3026.00 ,2.12,0.24
2/10/2021,202.845673,5729.00 ,3026.00 ,2.12,0.24
2/11/2021,207.313553,5729.00 ,3026.00 ,2.12,0.24
2/12/2021,206.624664,5729.00 ,3026.00 ,2.12,0.24
2/16/2021,204.597412,5729.00 ,3026.00 ,2.12,0.24
2/17/2021,204.213593,5729.00 ,3026.00 ,2.12,0.24
2/18/2021,206.024384,5729.00 ,3026.00 ,2.12,0.24
2/19/2021,201.477753,5729.00 ,3026.00 ,2.12,0.24
2/22/2021,205.010742,5729.00 ,3026.00 ,2.12,0.24
2/23/2021,208.74054,5729.00 ,3026.00 ,2.12,0.24
2/24/2021,215.944244,5729.00 ,3026.00 ,2.12,0.24
2/25/2021,210.354492,5729.00 ,3026.00 ,2.12,0.24
2/26/2021,209.016098,5729.00 ,3026.00 ,2.12,0.24
3/1/2021,213.188721,5729.00 ,3026.00 ,2.12,0.24
3/2/2021,212.342377,5729.00 ,3026.00 ,2.12,0.24
3/3/2021,211.436996,5729.00 ,3026.00 ,2.12,0.24
3/4/2021,208.140198,5729.00 ,3026.00 ,2.12,0.24
3/5/2021,211.988129,5729.00 ,3026.00 ,2.12,0.24
3/8/2021,216.770889,5729.00 ,3026.00 ,2.12,0.24
3/9/2021,216.859467,5729.00 ,3026.00 ,2.12,0.24
3/10/2021,219.624832,5729.00 ,3026.00 ,2.12,0.24
3/11/2021,222.557495,5729.00 ,3026.00 ,2.12,0.24
3/12/2021,220.795914,5729.00 ,3026.00 ,2.12,0.24
3/15/2021,219.723267,5729.00 ,3026.00 ,2.12,0.24
3/16/2021,221.130524,5729.00 ,3026.00 ,2.12,0.24
3/17/2021,219.477188,5729.00 ,3026.00 ,2.12,0.24
3/18/2021,217.154709,5729.00 ,3026.00 ,2.12,0.24
3/19/2021,203.613297,5729.00 ,3026.00 ,2.12,0.24
3/22/2021,204.695816,5729.00 ,3026.00 ,2.12,0.24
3/23/2021,204.843414,5729.00 ,3026.00 ,2.12,0.24
3/24/2021,204.764725,5729.00 ,3026.00 ,2.12,0.24
3/25/2021,204.666275,5729.00 ,3026.00 ,2.12,0.24
3/26/2021,210.13797,5729.00 ,3026.00 ,2.12,0.24
3/29/2021,211.102386,5729.00 ,3026.00 ,2.12,0.24
3/30/2021,208.533844,5729.00 ,3026.00 ,2.12,0.24
3/31/2021,208.366547,5729.00 ,3026.00 ,2.12,0.24
4/1/2021,213.41507,6130.00 ,2575.00 ,2,0.25
4/5/2021,215.560455,6130.00 ,2575.00 ,2,0.25
4/6/2021,215.176636,6130.00 ,2575.00 ,2,0.25
4/7/2021,215.786774,6130.00 ,2575.00 ,2,0.25
4/8/2021,217.194061,6130.00 ,2575.00 ,2,0.25
4/9/2021,218.985153,6130.00 ,2575.00 ,2,0.25
4/12/2021,217.951843,6130.00 ,2575.00 ,2,0.25
4/13/2021,217.508987,6130.00 ,2575.00 ,2,0.25
4/14/2021,218.453735,6130.00 ,2575.00 ,2,0.25
4/15/2021,222.68541,6130.00 ,2575.00 ,2,0.25
4/16/2021,222.8134,6130.00 ,2575.00 ,2,0.25
4/19/2021,222.203217,6130.00 ,2575.00 ,2,0.25
4/20/2021,219.733109,6130.00 ,2575.00 ,2,0.25
4/21/2021,223.836838,6130.00 ,2575.00 ,2,0.25
4/22/2021,223.954956,6130.00 ,2575.00 ,2,0.25
4/23/2021,226.346359,6130.00 ,2575.00 ,2,0.25
4/26/2021,226.680939,6130.00 ,2575.00 ,2,0.25
4/27/2021,226.257782,6130.00 ,2575.00 ,2,0.25
4/28/2021,229.741547,6130.00 ,2575.00 ,2,0.25
4/29/2021,233.097366,6130.00 ,2575.00 ,2,0.25
4/30/2021,229.849792,6130.00 ,2575.00 ,2,0.25
5/3/2021,228.914886,6130.00 ,2575.00 ,2,0.25
5/4/2021,228.344086,6130.00 ,2575.00 ,2,0.25
5/5/2021,225.568878,6130.00 ,2575.00 ,2,0.25
5/6/2021,227.645386,6130.00 ,2575.00 ,2,0.25
5/7/2021,228.432632,6130.00 ,2575.00 ,2,0.25
5/10/2021,222.380371,6130.00 ,2575.00 ,2,0.25
5/11/2021,221.898132,6130.00 ,2575.00 ,2,0.25
5/12/2021,217.125168,6130.00 ,2575.00 ,2,0.25
5/13/2021,220.50563,6130.00 ,2575.00 ,2,0.25
5/14/2021,223.659363,6130.00 ,2575.00 ,2,0.25
5/17/2021,223.16658,6130.00 ,2575.00 ,2,0.25
5/18/2021,222.309158,6130.00 ,2575.00 ,2,0.25
5/19/2021,221.343307,6130.00 ,2575.00 ,2,0.25
5/20/2021,223.16658,6130.00 ,2575.00 ,2,0.25
5/21/2021,223.491806,6130.00 ,2575.00 ,2,0.25
5/24/2021,226.004944,6130.00 ,2575.00 ,2,0.25
5/25/2021,225.709274,6130.00 ,2575.00 ,2,0.25
5/26/2021,223.787491,6130.00 ,2575.00 ,2,0.25
5/27/2021,223.580505,6130.00 ,2575.00 ,2,0.25
5/28/2021,224.014145,6130.00 ,2575.00 ,2,0.25
6/1/2021,223.353836,6130.00 ,2575.00 ,2,0.25
6/2/2021,226.340027,6130.00 ,2575.00 ,2,0.25
6/3/2021,224.812424,6130.00 ,2575.00 ,2,0.25
6/4/2021,226.81308,6130.00 ,2575.00 ,2,0.25
6/7/2021,227.976044,6130.00 ,2575.00 ,2,0.25
6/8/2021,228.69548,6130.00 ,2575.00 ,2,0.25
6/9/2021,228.951721,6130.00 ,2575.00 ,2,0.25
6/10/2021,230.567993,6130.00 ,2575.00 ,2,0.25
6/11/2021,231.563431,6130.00 ,2575.00 ,2,0.25
6/14/2021,230.696136,6130.00 ,2575.00 ,2,0.25
6/15/2021,229.61203,6130.00 ,2575.00 ,2,0.25
6/16/2021,226.280899,6130.00 ,2575.00 ,2,0.25
6/17/2021,228.794022,6130.00 ,2575.00 ,2,0.25
6/18/2021,227.079193,6130.00 ,2575.00 ,2,0.25
6/21/2021,230.932678,6130.00 ,2575.00 ,2,0.25
6/22/2021,232.519379,6130.00 ,2575.00 ,2,0.25
6/23/2021,231.287445,6130.00 ,2575.00 ,2,0.25
6/24/2021,232.824905,6130.00 ,2575.00 ,2,0.25
6/25/2021,233.889297,6130.00 ,2575.00 ,2,0.25
6/28/2021,230.705978,6130.00 ,2575.00 ,2,0.25
6/29/2021,232.539108,6130.00 ,2575.00 ,2,0.25
6/30/2021,230.43988,6130.00 ,2575.00 ,2,0.25
7/1/2021,231.750641,6559.00 ,3584.00 ,1.75,0.27
7/2/2021,235.180359,6559.00 ,3584.00 ,1.75,0.27
7/6/2021,236.136322,6559.00 ,3584.00 ,1.75,0.27
7/7/2021,236.530563,6559.00 ,3584.00 ,1.75,0.27
7/8/2021,233.189575,6559.00 ,3584.00 ,1.75,0.27
7/9/2021,235.022675,6559.00 ,3584.00 ,1.75,0.27
7/12/2021,234.431351,6559.00 ,3584.00 ,1.75,0.27
7/13/2021,238.846588,6559.00 ,3584.00 ,1.75,0.27
7/14/2021,242.433975,6559.00 ,3584.00 ,1.75,0.27
7/15/2021,244.95694,6559.00 ,3584.00 ,1.75,0.27
7/16/2021,244.533157,6559.00 ,3584.00 ,1.75,0.27
7/19/2021,236.934631,6559.00 ,3584.00 ,1.75,0.27
7/20/2021,239.191528,6559.00 ,3584.00 ,1.75,0.27
7/21/2021,240.13765,6559.00 ,3584.00 ,1.75,0.27
7/22/2021,240.610703,6559.00 ,3584.00 ,1.75,0.27
7/23/2021,245.420135,6559.00 ,3584.00 ,1.75,0.27
7/26/2021,246.632385,6559.00 ,3584.00 ,1.75,0.27
7/27/2021,247.302582,6559.00 ,3584.00 ,1.75,0.27
7/28/2021,243.370255,6559.00 ,3584.00 ,1.75,0.27
7/29/2021,244.33606,6559.00 ,3584.00 ,1.75,0.27
7/30/2021,242.828201,6559.00 ,3584.00 ,1.75,0.27
8/2/2021,236.313736,6559.00 ,3584.00 ,1.75,0.27
8/3/2021,233.662628,6559.00 ,3584.00 ,1.75,0.27
8/4/2021,233.248703,6559.00 ,3584.00 ,1.75,0.27
8/5/2021,236.737518,6559.00 ,3584.00 ,1.75,0.27
8/6/2021,237.910309,6559.00 ,3584.00 ,1.75,0.27
8/9/2021,236.530563,6559.00 ,3584.00 ,1.75,0.27
8/10/2021,234.628464,6559.00 ,3584.00 ,1.75,0.27
8/11/2021,231.661957,6559.00 ,3584.00 ,1.75,0.27
8/12/2021,228.750641,6559.00 ,3584.00 ,1.75,0.27
8/13/2021,229.599365,6559.00 ,3584.00 ,1.75,0.27
8/16/2021,232.273849,6559.00 ,3584.00 ,1.75,0.27
8/17/2021,231.454727,6559.00 ,3584.00 ,1.75,0.27
8/18/2021,228.592743,6559.00 ,3584.00 ,1.75,0.27
8/19/2021,228.533554,6559.00 ,3584.00 ,1.75,0.27
8/20/2021,228.326309,6559.00 ,3584.00 ,1.75,0.27
8/23/2021,231.069824,6559.00 ,3584.00 ,1.75,0.27
8/24/2021,231.168533,6559.00 ,3584.00 ,1.75,0.27
8/25/2021,229.540146,6559.00 ,3584.00 ,1.75,0.27
8/26/2021,227.497314,6559.00 ,3584.00 ,1.75,0.27
8/27/2021,229.63884,6559.00 ,3584.00 ,1.75,0.27
8/30/2021,228.197983,6559.00 ,3584.00 ,1.75,0.27
8/31/2021,226.095917,6559.00 ,3584.00 ,1.75,0.27
9/1/2021,227.102554,6559.00 ,3584.00 ,1.75,0.27
9/2/2021,221.240433,6559.00 ,3584.00 ,1.75,0.27
9/3/2021,222.158249,6559.00 ,3584.00 ,1.75,0.27
9/7/2021,223.30304,6559.00 ,3584.00 ,1.75,0.27
9/8/2021,226.086044,6559.00 ,3584.00 ,1.75,0.27
9/9/2021,224.507034,6559.00 ,3584.00 ,1.75,0.27
9/10/2021,221.960892,6559.00 ,3584.00 ,1.75,0.27
9/13/2021,221.68454,6559.00 ,3584.00 ,1.75,0.27
9/14/2021,220.105515,6559.00 ,3584.00 ,1.75,0.27
9/15/2021,220.87529,6559.00 ,3584.00 ,1.75,0.27
9/16/2021,221.388474,6559.00 ,3584.00 ,1.75,0.27
9/17/2021,218.842316,6559.00 ,3584.00 ,1.75,0.27
9/20/2021,217.164612,6559.00 ,3584.00 ,1.75,0.27
9/21/2021,217.28302,6559.00 ,3584.00 ,1.75,0.27
9/22/2021,219.829208,6559.00 ,3584.00 ,1.75,0.27
9/23/2021,225.316269,6559.00 ,3584.00 ,1.75,0.27
9/24/2021,228.553268,6559.00 ,3584.00 ,1.75,0.27
9/27/2021,226.589371,6559.00 ,3584.00 ,1.75,0.27
9/28/2021,222.602325,6559.00 ,3584.00 ,1.75,0.27
9/29/2021,223.707626,6559.00 ,3584.00 ,1.75,0.27
9/30/2021,219.829208,6559.00 ,3584.00 ,1.75,0.27
10/1/2021,227.438095,7059.00 ,3959.00 ,1.4,0.29
10/4/2021,221.783234,7059.00 ,3959.00 ,1.4,0.29
10/5/2021,221.339127,7059.00 ,3959.00 ,1.4,0.29
10/6/2021,223.539886,7059.00 ,3959.00 ,1.4,0.29
10/7/2021,227.526901,7059.00 ,3959.00 ,1.4,0.29
10/8/2021,227.25058,7059.00 ,3959.00 ,1.4,0.29
10/11/2021,222.158249,7059.00 ,3959.00 ,1.4,0.29
10/12/2021,221.112137,7059.00 ,3959.00 ,1.4,0.29
10/13/2021,219.542999,7059.00 ,3959.00 ,1.4,0.29
10/14/2021,222.22731,7059.00 ,3959.00 ,1.4,0.29
10/15/2021,227.961151,7059.00 ,3959.00 ,1.4,0.29
10/18/2021,227.625595,7059.00 ,3959.00 ,1.4,0.29
10/19/2021,230.457977,7059.00 ,3959.00 ,1.4,0.29
10/20/2021,228.385483,7059.00 ,3959.00 ,1.4,0.29
10/21/2021,227.220978,7059.00 ,3959.00 ,1.4,0.29
10/22/2021,228.197983,7059.00 ,3959.00 ,1.4,0.29
10/25/2021,230.813248,7059.00 ,3959.00 ,1.4,0.29
10/26/2021,228.780258,7059.00 ,3959.00 ,1.4,0.29
10/27/2021,212.950577,7059.00 ,3959.00 ,1.4,0.29
10/28/2021,207.08847,7059.00 ,3959.00 ,1.4,0.29
10/29/2021,208.993164,7059.00 ,3959.00 ,1.4,0.29
11/1/2021,209.674118,7059.00 ,3959.00 ,1.4,0.29
11/2/2021,206.397644,7059.00 ,3959.00 ,1.4,0.29
11/3/2021,205.371277,7059.00 ,3959.00 ,1.4,0.29
11/4/2021,206.042358,7059.00 ,3959.00 ,1.4,0.29
11/5/2021,213.828918,7059.00 ,3959.00 ,1.4,0.29
11/8/2021,217.598846,7059.00 ,3959.00 ,1.4,0.29
11/9/2021,210.591934,7059.00 ,3959.00 ,1.4,0.29
11/10/2021,213.107986,7059.00 ,3959.00 ,1.4,0.29
11/11/2021,208.026443,7059.00 ,3959.00 ,1.4,0.29
11/12/2021,209.677429,7059.00 ,3959.00 ,1.4,0.29
11/15/2021,209.885056,7059.00 ,3959.00 ,1.4,0.29
11/16/2021,212.732285,7059.00 ,3959.00 ,1.4,0.29
11/17/2021,202.727402,7059.00 ,3959.00 ,1.4,0.29
11/18/2021,201.01709,7059.00 ,3959.00 ,1.4,0.29
11/19/2021,198.57518,7059.00 ,3959.00 ,1.4,0.29
11/22/2021,193.35524,7059.00 ,3959.00 ,1.4,0.29
11/23/2021,196.232132,7059.00 ,3959.00 ,1.4,0.29
11/24/2021,200.938004,7059.00 ,3959.00 ,1.4,0.29
11/26/2021,195.401688,7059.00 ,3959.00 ,1.4,0.29
11/29/2021,194.057159,7059.00 ,3959.00 ,1.4,0.29
11/30/2021,191.565842,7059.00 ,3959.00 ,1.4,0.29
12/1/2021,187.996902,7059.00 ,3959.00 ,1.4,0.29
12/2/2021,196.034409,7059.00 ,3959.00 ,1.4,0.29
12/3/2021,194.086807,7059.00 ,3959.00 ,1.4,0.29
12/6/2021,200.374466,7059.00 ,3959.00 ,1.4,0.29
12/7/2021,205.011124,7059.00 ,3959.00 ,1.4,0.29
12/8/2021,206.612701,7059.00 ,3959.00 ,1.4,0.29
12/9/2021,208.985397,7059.00 ,3959.00 ,1.4,0.29
12/10/2021,210.972534,7059.00 ,3959.00 ,1.4,0.29
12/13/2021,208.619583,7059.00 ,3959.00 ,1.4,0.29
12/14/2021,207.591446,7059.00 ,3959.00 ,1.4,0.29
12/15/2021,209.894928,7059.00 ,3959.00 ,1.4,0.29
12/16/2021,211.931503,7059.00 ,3959.00 ,1.4,0.29
12/17/2021,209.469818,7059.00 ,3959.00 ,1.4,0.29
12/20/2021,206.365555,7059.00 ,3959.00 ,1.4,0.29
12/21/2021,212.930038,7059.00 ,3959.00 ,1.4,0.29
12/22/2021,215.480667,7059.00 ,3959.00 ,1.4,0.29
12/23/2021,214.155914,7059.00 ,3959.00 ,1.4,0.29
12/27/2021,215.154419,7059.00 ,3959.00 ,1.4,0.29
12/28/2021,215.569672,7059.00 ,3959.00 ,1.4,0.29
12/29/2021,215.688263,7059.00 ,3959.00 ,1.4,0.29
12/30/2021,215.391708,7059.00 ,3959.00 ,1.4,0.29
12/31/2021,214.244873,7059.00 ,3959.00 ,1.4,0.29
1/3/2022,218.911209,7189.00 ,3647.00 ,1.29,0.32
1/4/2022,219.929489,7189.00 ,3647.00 ,1.29,0.32
1/5/2022,217.497467,7189.00 ,3647.00 ,1.29,0.32
1/6/2022,217.25029,7189.00 ,3647.00 ,1.29,0.32
1/7/2022,214.492035,7189.00 ,3647.00 ,1.29,0.32
1/10/2022,209.558823,7189.00 ,3647.00 ,1.29,0.32
1/11/2022,211.941406,7189.00 ,3647.00 ,1.29,0.32
1/12/2022,213.256271,7189.00 ,3647.00 ,1.29,0.32
1/13/2022,212.554337,7189.00 ,3647.00 ,1.29,0.32
1/14/2022,212.228104,7189.00 ,3647.00 ,1.29,0.32
1/18/2022,213.256271,7189.00 ,3647.00 ,1.29,0.32
1/19/2022,212.237961,7189.00 ,3647.00 ,1.29,0.32
1/20/2022,211.911728,7189.00 ,3647.00 ,1.29,0.32
1/21/2022,203.587494,7189.00 ,3647.00 ,1.29,0.32
1/24/2022,199.553909,7189.00 ,3647.00 ,1.29,0.32
1/25/2022,199.702209,7189.00 ,3647.00 ,1.29,0.32
1/26/2022,203.528198,7189.00 ,3647.00 ,1.29,0.32
1/27/2022,203.804977,7189.00 ,3647.00 ,1.29,0.32
1/28/2022,225.406448,7189.00 ,3647.00 ,1.29,0.32
1/31/2022,223.59729,7189.00 ,3647.00 ,1.29,0.32
2/1/2022,229.716858,7189.00 ,3647.00 ,1.29,0.32
2/2/2022,232.74205,7189.00 ,3647.00 ,1.29,0.32
2/3/2022,228.906189,7189.00 ,3647.00 ,1.29,0.32
2/4/2022,225.792023,7189.00 ,3647.00 ,1.29,0.32
2/7/2022,224.576019,7189.00 ,3647.00 ,1.29,0.32
2/8/2022,225.347153,7189.00 ,3647.00 ,1.29,0.32
2/9/2022,228.243805,7189.00 ,3647.00 ,1.29,0.32
2/10/2022,223.386719,7189.00 ,3647.00 ,1.29,0.32
2/11/2022,222.495514,7189.00 ,3647.00 ,1.29,0.32
2/14/2022,223.139145,7189.00 ,3647.00 ,1.29,0.32
2/15/2022,225.59494,7189.00 ,3647.00 ,1.29,0.32
2/16/2022,226.58519,7189.00 ,3647.00 ,1.29,0.32
2/17/2022,222.41629,7189.00 ,3647.00 ,1.29,0.32
2/18/2022,220.515045,7189.00 ,3647.00 ,1.29,0.32
2/22/2022,219.158432,7189.00 ,3647.00 ,1.29,0.32
2/23/2022,213.840881,7189.00 ,3647.00 ,1.29,0.32
2/24/2022,215.177689,7189.00 ,3647.00 ,1.29,0.32
2/25/2022,217.128418,7189.00 ,3647.00 ,1.29,0.32
2/28/2022,214.009201,7189.00 ,3647.00 ,1.29,0.32
3/1/2022,206.929047,7189.00 ,3647.00 ,1.29,0.32
3/2/2022,206.443832,7189.00 ,3647.00 ,1.29,0.32
3/3/2022,205.206039,7189.00 ,3647.00 ,1.29,0.32
3/4/2022,198.333801,7189.00 ,3647.00 ,1.29,0.32
3/7/2022,188.837509,7189.00 ,3647.00 ,1.29,0.32
3/8/2022,189.837616,7189.00 ,3647.00 ,1.29,0.32
3/9/2022,197.80899,7189.00 ,3647.00 ,1.29,0.32
3/10/2022,196.036453,7189.00 ,3647.00 ,1.29,0.32
3/11/2022,194.788803,7189.00 ,3647.00 ,1.29,0.32
3/14/2022,198.373444,7189.00 ,3647.00 ,1.29,0.32
3/15/2022,204.126694,7189.00 ,3647.00 ,1.29,0.32
3/16/2022,209.80072,7189.00 ,3647.00 ,1.29,0.32
3/17/2022,211.365295,7189.00 ,3647.00 ,1.29,0.32
3/18/2022,216.970001,7189.00 ,3647.00 ,1.29,0.32
3/21/2022,214.920212,7189.00 ,3647.00 ,1.29,0.32
3/22/2022,216.336273,7189.00 ,3647.00 ,1.29,0.32
3/23/2022,212.583252,7189.00 ,3647.00 ,1.29,0.32
3/24/2022,215.187592,7189.00 ,3647.00 ,1.29,0.32
3/25/2022,216.296631,7189.00 ,3647.00 ,1.29,0.32
3/28/2022,218.6138,7189.00 ,3647.00 ,1.29,0.32
3/29/2022,225.891998,7189.00 ,3647.00 ,1.29,0.32
3/30/2022,221.762726,7189.00 ,3647.00 ,1.29,0.32
3/31/2022,219.604019,7189.00 ,3647.00 ,1.29,0.32
4/1/2022,224.1492,7275.00 ,3411.00 ,1.43,0.33
4/4/2022,225.515717,7275.00 ,3411.00 ,1.43,0.33
4/5/2022,223.881821,7275.00 ,3411.00 ,1.43,0.33
4/6/2022,216.870987,7275.00 ,3411.00 ,1.43,0.33
4/7/2022,214.03891,7275.00 ,3411.00 ,1.43,0.33
4/8/2022,214.860809,7275.00 ,3411.00 ,1.43,0.33
4/11/2022,212.652603,7275.00 ,3411.00 ,1.43,0.33
4/12/2022,209.335312,7275.00 ,3411.00 ,1.43,0.33
4/13/2022,211.187042,7275.00 ,3411.00 ,1.43,0.33
4/14/2022,210.711746,7275.00 ,3411.00 ,1.43,0.33
4/18/2022,211.088013,7275.00 ,3411.00 ,1.43,0.33
4/19/2022,213.593323,7275.00 ,3411.00 ,1.43,0.33
4/20/2022,215.662903,7275.00 ,3411.00 ,1.43,0.33
4/21/2022,214.335983,7275.00 ,3411.00 ,1.43,0.33
4/22/2022,206.136841,7275.00 ,3411.00 ,1.43,0.33
4/25/2022,207.899475,7275.00 ,3411.00 ,1.43,0.33
4/26/2022,199.13591,7275.00 ,3411.00 ,1.43,0.33
4/27/2022,212.018845,7275.00 ,3411.00 ,1.43,0.33
4/28/2022,218.504868,7275.00 ,3411.00 ,1.43,0.33
4/29/2022,211.048401,7275.00 ,3411.00 ,1.43,0.33
5/2/2022,209.46405,7275.00 ,3411.00 ,1.43,0.33
5/3/2022,206.523056,7275.00 ,3411.00 ,1.43,0.33
5/4/2022,212.424835,7275.00 ,3411.00 ,1.43,0.33
5/5/2022,203.235474,7275.00 ,3411.00 ,1.43,0.33
5/6/2022,200.839111,7275.00 ,3411.00 ,1.43,0.33
5/9/2022,191.115021,7275.00 ,3411.00 ,1.43,0.33
5/10/2022,191.689362,7275.00 ,3411.00 ,1.43,0.33
5/11/2022,194.79866,7275.00 ,3411.00 ,1.43,0.33
5/12/2022,192.442398,7275.00 ,3411.00 ,1.43,0.33
5/13/2022,197.660965,7275.00 ,3411.00 ,1.43,0.33
5/16/2022,196.252151,7275.00 ,3411.00 ,1.43,0.33
5/17/2022,202.393402,7275.00 ,3411.00 ,1.43,0.33
5/18/2022,198.414978,7275.00 ,3411.00 ,1.43,0.33
5/19/2022,195.815613,7275.00 ,3411.00 ,1.43,0.33
5/20/2022,197.462524,7275.00 ,3411.00 ,1.43,0.33
5/23/2022,205.925369,7275.00 ,3411.00 ,1.43,0.33
5/24/2022,201.034195,7275.00 ,3411.00 ,1.43,0.33
5/25/2022,202.23465,7275.00 ,3411.00 ,1.43,0.33
5/26/2022,206.907578,7275.00 ,3411.00 ,1.43,0.33
5/27/2022,211.203461,7275.00 ,3411.00 ,1.43,0.33
5/31/2022,210.499054,7275.00 ,3411.00 ,1.43,0.33
6/1/2022,208.276688,7275.00 ,3411.00 ,1.43,0.33
6/2/2022,213.356384,7275.00 ,3411.00 ,1.43,0.33
6/3/2022,210.975281,7275.00 ,3411.00 ,1.43,0.33
6/6/2022,211.262985,7275.00 ,3411.00 ,1.43,0.33
6/7/2022,212.81073,7275.00 ,3411.00 ,1.43,0.33
6/8/2022,211.818588,7275.00 ,3411.00 ,1.43,0.33
6/9/2022,204.486771,7275.00 ,3411.00 ,1.43,0.33
6/10/2022,197.938751,7275.00 ,3411.00 ,1.43,0.33
6/13/2022,190.74585,7275.00 ,3411.00 ,1.43,0.33
6/14/2022,191.995941,7275.00 ,3411.00 ,1.43,0.33
6/15/2022,194.615158,7275.00 ,3411.00 ,1.43,0.33
6/16/2022,187.561157,7275.00 ,3411.00 ,1.43,0.33
6/17/2022,188.513565,7275.00 ,3411.00 ,1.43,0.33
6/21/2022,192.859085,7275.00 ,3411.00 ,1.43,0.33
6/22/2022,192.293564,7275.00 ,3411.00 ,1.43,0.33
6/23/2022,195.091385,7275.00 ,3411.00 ,1.43,0.33
6/24/2022,203.891495,7275.00 ,3411.00 ,1.43,0.33
6/27/2022,201.956863,7275.00 ,3411.00 ,1.43,0.33
6/28/2022,196.559692,7275.00 ,3411.00 ,1.43,0.33
6/29/2022,197.928833,7275.00 ,3411.00 ,1.43,0.33
6/30/2022,195.339401,7275.00 ,3411.00 ,1.43,0.33
7/1/2022,197.611343,7787.00 ,3940.00 ,1.45,0.34
7/5/2022,198.960632,7787.00 ,3940.00 ,1.45,0.34
7/6/2022,199.536087,7787.00 ,3940.00 ,1.45,0.34
7/7/2022,201.20285,7787.00 ,3940.00 ,1.45,0.34
7/8/2022,201.966797,7787.00 ,3940.00 ,1.45,0.34
7/11/2022,203.445053,7787.00 ,3940.00 ,1.45,0.34
7/12/2022,203.206955,7787.00 ,3940.00 ,1.45,0.34
7/13/2022,202.542206,7787.00 ,3940.00 ,1.45,0.34
7/14/2022,204.288361,7787.00 ,3940.00 ,1.45,0.34
7/15/2022,208.385818,7787.00 ,3940.00 ,1.45,0.34
7/18/2022,205.57811,7787.00 ,3940.00 ,1.45,0.34
7/19/2022,211.97731,7787.00 ,3940.00 ,1.45,0.34
7/20/2022,211.68959,7787.00 ,3940.00 ,1.45,0.34
7/21/2022,214.487396,7787.00 ,3940.00 ,1.45,0.34
7/22/2022,212.016998,7787.00 ,3940.00 ,1.45,0.34
7/25/2022,212.58252,7787.00 ,3940.00 ,1.45,0.34
7/26/2022,210.816528,7787.00 ,3940.00 ,1.45,0.34
7/27/2022,208.812439,7787.00 ,3940.00 ,1.45,0.34
7/28/2022,209.685501,7787.00 ,3940.00 ,1.45,0.34
7/29/2022,210.439545,7787.00 ,3940.00 ,1.45,0.34
8/1/2022,209.695435,7787.00 ,3940.00 ,1.45,0.34
8/2/2022,204.63559,7787.00 ,3940.00 ,1.45,0.34
8/3/2022,206.83812,7787.00 ,3940.00 ,1.45,0.34
8/4/2022,211.788818,7787.00 ,3940.00 ,1.45,0.34
8/5/2022,214.169907,7787.00 ,3940.00 ,1.45,0.34
8/8/2022,211.640015,7787.00 ,3940.00 ,1.45,0.34
8/9/2022,208.604095,7787.00 ,3940.00 ,1.45,0.34
8/10/2022,210.429611,7787.00 ,3940.00 ,1.45,0.34
8/11/2022,209.788574,7787.00 ,3940.00 ,1.45,0.34
8/12/2022,210.037033,7787.00 ,3940.00 ,1.45,0.34
8/15/2022,215.095886,7787.00 ,3940.00 ,1.45,0.34
8/16/2022,215.811478,7787.00 ,3940.00 ,1.45,0.34
8/17/2022,213.20752,7787.00 ,3940.00 ,1.45,0.34
8/18/2022,213.933029,7787.00 ,3940.00 ,1.45,0.34
8/19/2022,211.517914,7787.00 ,3940.00 ,1.45,0.34
8/22/2022,207.333664,7787.00 ,3940.00 ,1.45,0.34
8/23/2022,205.53476,7787.00 ,3940.00 ,1.45,0.34
8/24/2022,205.405548,7787.00 ,3940.00 ,1.45,0.34
8/25/2022,208.53627,7787.00 ,3940.00 ,1.45,0.34
8/26/2022,201.648666,7787.00 ,3940.00 ,1.45,0.34
8/29/2022,201.092087,7787.00 ,3940.00 ,1.45,0.34
8/30/2022,200.147903,7787.00 ,3940.00 ,1.45,0.34
8/31/2022,197.494232,7787.00 ,3940.00 ,1.45,0.34
9/1/2022,198.905548,7787.00 ,3940.00 ,1.45,0.34
9/2/2022,196.550049,7787.00 ,3940.00 ,1.45,0.34
9/6/2022,197.424667,7787.00 ,3940.00 ,1.45,0.34
9/7/2022,199.193771,7787.00 ,3940.00 ,1.45,0.34
9/8/2022,199.48201,7787.00 ,3940.00 ,1.45,0.34
9/9/2022,203.944534,7787.00 ,3940.00 ,1.45,0.34
9/12/2022,205.365784,7787.00 ,3940.00 ,1.45,0.34
9/13/2022,198.448364,7787.00 ,3940.00 ,1.45,0.34
9/14/2022,198.189972,7787.00 ,3940.00 ,1.45,0.34
9/15/2022,194.174667,7787.00 ,3940.00 ,1.45,0.34
9/16/2022,192.11734,7787.00 ,3940.00 ,1.45,0.34
9/19/2022,191.94838,7787.00 ,3940.00 ,1.45,0.34
9/20/2022,190.894867,7787.00 ,3940.00 ,1.45,0.34
9/21/2022,185.875763,7787.00 ,3940.00 ,1.45,0.34
9/22/2022,184.653275,7787.00 ,3940.00 ,1.45,0.34
9/23/2022,182.834488,7787.00 ,3940.00 ,1.45,0.34
9/26/2022,179.485092,7787.00 ,3940.00 ,1.45,0.34
9/27/2022,176.781723,7787.00 ,3940.00 ,1.45,0.34
9/28/2022,178.083725,7787.00 ,3940.00 ,1.45,0.34
9/29/2022,178.958359,7787.00 ,3940.00 ,1.45,0.34
9/30/2022,176.56308,7787.00 ,3940.00 ,1.45,0.34
10/3/2022,180.538605,7936.00 ,4179.00 ,1.44,0.34
10/4/2022,184.51413,7936.00 ,4179.00 ,1.44,0.34
10/5/2022,186.52179,7936.00 ,4179.00 ,1.44,0.34
10/6/2022,184.454514,7936.00 ,4179.00 ,1.44,0.34
10/7/2022,182.705292,7936.00 ,4179.00 ,1.44,0.34
10/10/2022,181.065369,7936.00 ,4179.00 ,1.44,0.34
10/11/2022,178.043976,7936.00 ,4179.00 ,1.44,0.34
10/12/2022,177.14949,7936.00 ,4179.00 ,1.44,0.34
10/13/2022,183.530197,7936.00 ,4179.00 ,1.44,0.34
10/14/2022,181.502686,7936.00 ,4179.00 ,1.44,0.34
10/17/2022,184.116592,7936.00 ,4179.00 ,1.44,0.34
10/18/2022,186.024857,7936.00 ,4179.00 ,1.44,0.34
10/19/2022,185.269501,7936.00 ,4179.00 ,1.44,0.34
10/20/2022,186.074524,7936.00 ,4179.00 ,1.44,0.34
10/21/2022,189.205276,7936.00 ,4179.00 ,1.44,0.34
10/24/2022,189.543182,7936.00 ,4179.00 ,1.44,0.34
10/25/2022,193.190735,7936.00 ,4179.00 ,1.44,0.34
10/26/2022,202.085983,7936.00 ,4179.00 ,1.44,0.34
10/27/2022,203.0401,7936.00 ,4179.00 ,1.44,0.34
10/28/2022,208.059204,7936.00 ,4179.00 ,1.44,0.34
10/31/2022,205.892548,7936.00 ,4179.00 ,1.44,0.34
11/1/2022,205.66394,7936.00 ,4179.00 ,1.44,0.34
11/2/2022,199.72052,7936.00 ,4179.00 ,1.44,0.34
11/3/2022,193.558472,7936.00 ,4179.00 ,1.44,0.34
11/4/2022,195.774811,7936.00 ,4179.00 ,1.44,0.34
11/7/2022,198.875732,7936.00 ,4179.00 ,1.44,0.34
11/8/2022,200.545456,7936.00 ,4179.00 ,1.44,0.34
11/9/2022,193.174286,7936.00 ,4179.00 ,1.44,0.34
11/10/2022,204.768951,7936.00 ,4179.00 ,1.44,0.34
11/11/2022,204.201172,7936.00 ,4179.00 ,1.44,0.34
11/14/2022,206.053909,7936.00 ,4179.00 ,1.44,0.34
11/15/2022,209.171722,7936.00 ,4179.00 ,1.44,0.34
11/16/2022,209.321121,7936.00 ,4179.00 ,1.44,0.34
11/17/2022,210.167816,7936.00 ,4179.00 ,1.44,0.34
11/18/2022,209.978561,7936.00 ,4179.00 ,1.44,0.34
11/21/2022,205.516022,7936.00 ,4179.00 ,1.44,0.34
11/22/2022,209.510391,7936.00 ,4179.00 ,1.44,0.34
11/23/2022,210.904922,7936.00 ,4179.00 ,1.44,0.34
11/25/2022,212.956894,7936.00 ,4179.00 ,1.44,0.34
11/28/2022,210.436768,7936.00 ,4179.00 ,1.44,0.34
11/29/2022,208.245331,7936.00 ,4179.00 ,1.44,0.34
11/30/2022,216.154388,7936.00 ,4179.00 ,1.44,0.34
12/1/2022,216.154388,7936.00 ,4179.00 ,1.44,0.34
12/2/2022,216.811829,7936.00 ,4179.00 ,1.44,0.34
12/5/2022,212.847336,7936.00 ,4179.00 ,1.44,0.34
12/6/2022,208.265259,7936.00 ,4179.00 ,1.44,0.34
12/7/2022,207.000214,7936.00 ,4179.00 ,1.44,0.34
12/8/2022,208.285187,7936.00 ,4179.00 ,1.44,0.34
12/9/2022,207.886749,7936.00 ,4179.00 ,1.44,0.34
12/12/2022,213.753784,7936.00 ,4179.00 ,1.44,0.34
12/13/2022,212.209824,7936.00 ,4179.00 ,1.44,0.34
12/14/2022,212.488754,7936.00 ,4179.00 ,1.44,0.34
12/15/2022,207.099823,7936.00 ,4179.00 ,1.44,0.34
12/16/2022,206.083786,7936.00 ,4179.00 ,1.44,0.34
12/19/2022,204.021881,7936.00 ,4179.00 ,1.44,0.34
12/20/2022,204.559753,7936.00 ,4179.00 ,1.44,0.34
12/21/2022,206.004105,7936.00 ,4179.00 ,1.44,0.34
12/22/2022,204.260925,7936.00 ,4179.00 ,1.44,0.34
12/23/2022,205.027924,7936.00 ,4179.00 ,1.44,0.34
12/27/2022,205.486115,7936.00 ,4179.00 ,1.44,0.34
12/28/2022,204.191208,7936.00 ,4179.00 ,1.44,0.34
12/29/2022,207.249237,7936.00 ,4179.00 ,1.44,0.34
12/30/2022,206.950394,7936.00 ,4179.00 ,1.44,0.34
